Cuenta|Fecha de Operación|Fecha|Referencia|Descripcion|Cod. Transac|Sucursal|Depósitos|Retiros|Saldo|Movimiento|Descripción Detallada|Cheque
0559478361|01/04/2017|03/04/2017||PAGO REFERENCIADO|531|8846|$0.00|$25,925.00|$332,910.71|104761|566966609117                  Impuesto Deposito Referenciado
0559478361|03/04/2017|03/04/2017|0000030417|DEPOSITO DE CUENTA PROPIA|262|8846|$500,000.00|$0.00|$832,910.71|104762|DE LA CUENTA 0004686365, TRASPASO PRESUPUESTO PROVEEDOR
0559478361|03/04/2017|03/04/2017|0000004856|COMPRA ORDEN DE PAGO SPEI|511|8846|$0.00|$300,586.58|$532,324.13|104763|= REFERENCIA  CTA/CLABE: 014180655026013015, BEM SPEI, BCO:014 BENEFICIARIO:CONSORCIO GASOLINERO PLUS SA, C4856 DIESEL ATQS FACT GI 298493, CVE RASTREO: 8846CAP2201704030436970340 RFC: CGP970522EE4, IVA: 000000040680.57 SANTANDER
0559478361|03/04/2017|03/04/2017|0000000000|COMISION ORDEN DE PAGO SPEI|537|8846|$0.00|$8.90|$532,315.23|104764|REFERENCIA: 0004856
0559478361|03/04/2017|03/04/2017|0000000000|I.V.A. ORDEN DE PAGO SPEI|517|8846|$0.00|$1.42|$532,313.81|104765|REFERENCIA: 0004856
0559478361|03/04/2017|03/04/2017|0000030417|COMPRA ORDEN DE PAGO SPEI|511|8846|$0.00|$23,834.33|$508,479.48|104766|= REFERENCIA  CTA/CLABE: 012914002009036555, BEM SPEI, BCO:012 BENEFICIARIO:OPERADORA  CONCESIONARIA MEXI, 00005094867, CVE RASTREO: 8846APAB201704030436970341 RFC: OCM750505CE5, IVA: 000000003287.49 BBVA BANCOMER
0559478361|03/04/2017|03/04/2017|0000000000|COMISION ORDEN DE PAGO SPEI|537|8846|$0.00|$8.90|$508,470.58|104767|REFERENCIA: 0030417
0559478361|03/04/2017|03/04/2017|0000000000|I.V.A. ORDEN DE PAGO SPEI|517|8846|$0.00|$1.42|$508,469.16|104768|REFERENCIA: 0030417
0559478361|03/04/2017|03/04/2017|0000000000|CARGO POR PAGO CONCENTRACION|503|8846|$0.00|$111,775.05|$396,694.11|104769|BEM EVSA            PD0022575197, AL RFC EFE8908015L3, RAS 88467093391121028774  FAC 028774
0559478361|03/04/2017|03/04/2017|0000159059|DEPOSITO DE CUENTA DE TERCEROS|263|7279|$8,002.80|$0.00|$404,696.91|104770|DE LA CUENTA 0459216391, Folio XLGE 159059
0559478361|03/04/2017|03/04/2017|0000030417|DEPOSITO DE CUENTA DE TERCEROS|263|8846|$1,004.40|$0.00|$405,701.31|104771|DE LA CUENTA 0267221143, GAS NAUCALPAN
0559478361|03/04/2017|03/04/2017|0000030417|0779879CARGO TRANSFERENCIA ELE|503|4264|$0.00|$1,248.50|$404,452.81|104772|CTA/CLABE: 021180063968918170, CB TEF, BCO 021,BENEFICIARIO PEREZ SOSA JOSE LUIS, CVE RASTREO:    0779879 RFC: PESL700821BG7, AL R.F.C.                IVA:00000000.00, TERCEROS
0559478361|03/04/2017|03/04/2017|0000030417|COM OPER INET|726|4264|$0.00|$3.00|$404,449.81|104773|Operacion Conexion Banorte
0559478361|03/04/2017|03/04/2017|0000030417|I.V.A.|517|4264|$0.00|$0.48|$404,449.33|104774|Operacion Conexion Banorte
0559478361|03/04/2017|03/04/2017|0000030417|0779880CARGO TRANSFERENCIA ELE|503|4264|$0.00|$349.92|$404,099.41|104775|CTA/CLABE: 044180001059177526, CB TEF, BCO 044,BENEFICIARIO HOFFMAN ARIAS FRANZ CARL, CVE RASTREO:    0779880 RFC: HOAF6811092N1, AL R.F.C.                IVA:00000000.00, TERCEROS
0559478361|03/04/2017|03/04/2017|0000030417|COM OPER INET|726|4264|$0.00|$3.00|$404,096.41|104776|Operacion Conexion Banorte
0559478361|03/04/2017|03/04/2017|0000030417|I.V.A.|517|4264|$0.00|$0.48|$404,095.93|104777|Operacion Conexion Banorte
0559478361|03/04/2017|03/04/2017|0000030417|TRASPASO  A CTA :   0416306718|504|4264|$0.00|$500.00|$403,595.93|104778|IVA:00000000.65    ,A CUENTA   0416306718, TERCEROS AL R.F.C. OHP150601HX5
0559478361|03/04/2017|03/04/2017|0000030417|COM OPER INET|726|4264|$0.00|$3.00|$403,592.93|104779|Operacion Conexion Banorte
0559478361|03/04/2017|03/04/2017|0000030417|I.V.A.|517|4264|$0.00|$0.48|$403,592.45|104780|Operacion Conexion Banorte
0559478361|03/04/2017|03/04/2017|0000030417|0779881CARGO TRANSFERENCIA ELE|503|4264|$0.00|$676.14|$402,916.31|104781|CTA/CLABE: 021180061270168801, CB TEF, BCO 021,BENEFICIARIO TRUJILLO GONZALEZ BLANCA SOLED, CVE RASTREO:    0779881 RFC: TRGB820911C15, AL R.F.C.                IVA:00000000.00, TERCEROS
0559478361|03/04/2017|03/04/2017|0000030417|COM OPER INET|726|4264|$0.00|$3.00|$402,913.31|104782|Operacion Conexion Banorte
0559478361|03/04/2017|03/04/2017|0000030417|I.V.A.|517|4264|$0.00|$0.48|$402,912.83|104783|Operacion Conexion Banorte
0559478361|03/04/2017|03/04/2017|0000030417|TRASPASO  A CTA :   0421642652|504|4264|$0.00|$718.08|$402,194.75|104784|IVA:00000000.93    ,A CUENTA   0421642652, TERCEROS AL R.F.C. CORL850930787
0559478361|03/04/2017|03/04/2017|0000030417|COM OPER INET|726|4264|$0.00|$3.00|$402,191.75|104785|Operacion Conexion Banorte
0559478361|03/04/2017|03/04/2017|0000030417|I.V.A.|517|4264|$0.00|$0.48|$402,191.27|104786|Operacion Conexion Banorte
0559478361|03/04/2017|03/04/2017|0000030417|TRASPASO  A CTA :   0407646935|504|4264|$0.00|$392.40|$401,798.87|104787|IVA:00000000.51    ,A CUENTA   0407646935, TERCEROS AL R.F.C. ROGN810109QX1
0559478361|03/04/2017|03/04/2017|0000030417|COM OPER INET|726|4264|$0.00|$3.00|$401,795.87|104788|Operacion Conexion Banorte
0559478361|03/04/2017|03/04/2017|0000030417|I.V.A.|517|4264|$0.00|$0.48|$401,795.39|104789|Operacion Conexion Banorte
0559478361|03/04/2017|03/04/2017|0000030417|0779882CARGO TRANSFERENCIA ELE|503|4264|$0.00|$301.12|$401,494.27|104790|CTA/CLABE: 021180063898342793, CB TEF, BCO 021,BENEFICIARIO CABRERA MORENO CLAUDIA KARINA, CVE RASTREO:    0779882 RFC: CAMC830213Z21, AL R.F.C.                IVA:00000000.00, TERCEROS
0559478361|03/04/2017|03/04/2017|0000030417|COM OPER INET|726|4264|$0.00|$3.00|$401,491.27|104791|Operacion Conexion Banorte
0559478361|03/04/2017|03/04/2017|0000030417|I.V.A.|517|4264|$0.00|$0.48|$401,490.79|104792|Operacion Conexion Banorte
0559478361|03/04/2017|03/04/2017|0000030417|0779883CARGO TRANSFERENCIA ELE|503|4264|$0.00|$990.07|$400,500.72|104793|CTA/CLABE: 002180476400151247, CB TEF, BCO 002,BENEFICIARIO ZOZALLAS PANTOJA MARIA DE LA L, CVE RASTREO:    0779883 RFC: ZOPM750505F5, AL R.F.C.                IVA:00000000.00, TERCEROS
0559478361|03/04/2017|03/04/2017|0000030417|COM OPER INET|726|4264|$0.00|$3.00|$400,497.72|104794|Operacion Conexion Banorte
0559478361|03/04/2017|03/04/2017|0000030417|I.V.A.|517|4264|$0.00|$0.48|$400,497.24|104795|Operacion Conexion Banorte
0559478361|03/04/2017|03/04/2017|0000030417|TRASPASO  A CTA :   0826648642|504|4264|$0.00|$512.39|$399,984.85|104796|IVA:00000000.66    ,A CUENTA   0826648642, TERCEROS AL R.F.C. REIT740513R33
0559478361|03/04/2017|03/04/2017|0000030417|COM OPER INET|726|4264|$0.00|$3.00|$399,981.85|104797|Operacion Conexion Banorte
0559478361|03/04/2017|03/04/2017|0000030417|I.V.A.|517|4264|$0.00|$0.48|$399,981.37|104798|Operacion Conexion Banorte
0559478361|03/04/2017|03/04/2017|0000030417|TRASPASO  A CTA :   0828338116|504|4264|$0.00|$324.81|$399,656.56|104799|IVA:00000000.42    ,A CUENTA   0828338116, TERCEROS AL R.F.C. SEPI780206B70
0559478361|03/04/2017|03/04/2017|0000030417|COM OPER INET|726|4264|$0.00|$3.00|$399,653.56|104800|Operacion Conexion Banorte
0559478361|03/04/2017|03/04/2017|0000030417|I.V.A.|517|4264|$0.00|$0.48|$399,653.08|104801|Operacion Conexion Banorte
0559478361|03/04/2017|03/04/2017|0000030417|TRASPASO  A CTA :   0435190879|504|4264|$0.00|$198,251.66|$201,401.42|104802|IVA:00000258.58    ,A CUENTA   0435190879, TERCEROS AL R.F.C. CAAF660605CM7
0559478361|03/04/2017|03/04/2017|0000030417|COM OPER INET|726|4264|$0.00|$3.00|$201,398.42|104803|Operacion Conexion Banorte
0559478361|03/04/2017|03/04/2017|0000030417|I.V.A.|517|4264|$0.00|$0.48|$201,397.94|104804|Operacion Conexion Banorte
0559478361|03/04/2017|03/04/2017|0000030417|TRASPASO  A CTA :   0877594965|504|4264|$0.00|$527.37|$200,870.57|104805|IVA:00000000.68    ,A CUENTA   0877594965, TERCEROS AL R.F.C. LIAM780831TM8
0559478361|03/04/2017|03/04/2017|0000030417|COM OPER INET|726|4264|$0.00|$3.00|$200,867.57|104806|Operacion Conexion Banorte
0559478361|03/04/2017|03/04/2017|0000030417|I.V.A.|517|4264|$0.00|$0.48|$200,867.09|104807|Operacion Conexion Banorte
0559478361|03/04/2017|03/04/2017|0000030417|TRASPASO  A CTA :   0527306623|504|4264|$0.00|$134,770.24|$66,096.85|104808|IVA:00000175.78    ,A CUENTA   0527306623, TERCEROS AL R.F.C. GME540707CD1
0559478361|03/04/2017|03/04/2017|0000030417|COM OPER INET|726|4264|$0.00|$3.00|$66,093.85|104809|Operacion Conexion Banorte
0559478361|03/04/2017|03/04/2017|0000030417|I.V.A.|517|4264|$0.00|$0.48|$66,093.37|104810|Operacion Conexion Banorte
0559478361|03/04/2017|03/04/2017|0000030417|TRASPASO  A CTA :   0004686365|504|4264|$0.00|$20,450.50|$45,642.87|104811|IVA:00000026.67    ,A CUENTA   0004686365, TERCEROS AL R.F.C. GME540707CD1
0559478361|03/04/2017|03/04/2017|0000030417|COM OPER INET|726|4264|$0.00|$3.00|$45,639.87|104812|Operacion Conexion Banorte
0559478361|03/04/2017|03/04/2017|0000030417|I.V.A.|517|4264|$0.00|$0.48|$45,639.39|104813|Operacion Conexion Banorte
0559478361|03/04/2017|03/04/2017|0000030417|TRASPASO A CUENTA DE TERCEROS|791|8846|$0.00|$2,050.00|$43,589.39|104814|IVA:00000000.00    , A LA CUENTA: 0584499546, PAGO BATERIA DE HONDA ACCOR GM AL R.F.C. GSU980721R90
0559478361|03/04/2017|03/04/2017|0000000000|Comision x Internet 030417|726|8846|$0.00|$3.00|$43,586.39|104815|Transferencias Tercero Banorte
0559478361|03/04/2017|03/04/2017|0000000000|IVA Com  x Internet 030417|517|8846|$0.00|$0.48|$43,585.91|104816|Transferencias Tercero Banorte
0559478361|03/04/2017|03/04/2017|0000030417|TRASPASO A CUENTA DE TERCEROS|791|8846|$0.00|$461.67|$43,124.24|104817|IVA:00000000.00    , A LA CUENTA: 0809024539, PENSION ALIMENTICIA SEM 13 AL R.F.C. MIRI690210RU8
0559478361|03/04/2017|03/04/2017|0000000000|Comision x Internet 030417|726|8846|$0.00|$3.00|$43,121.24|104818|Transferencias Tercero Banorte
0559478361|03/04/2017|03/04/2017|0000000000|IVA Com  x Internet 030417|517|8846|$0.00|$0.48|$43,120.76|104819|Transferencias Tercero Banorte
0559478361|03/04/2017|03/04/2017|0000030417|TRANSF ELECTRONICA FONDOS: TEF|503|8846|$0.00|$560.28|$42,560.48|104820|CLABE: 127180013417774625, BEM TEF.BCO:127  ERENDIRA RANGEL ROMO, CVE.RASTREO:0784003 RFC: RARE010101010  IVA:00000000.00, PENSION ALIMENTICIA SEM 13
0559478361|03/04/2017|03/04/2017|0000000000|Comision x Internet 030417|727|8846|$0.00|$3.00|$42,557.48|104821|Transferencias TEF
0559478361|03/04/2017|03/04/2017|0000000000|IVA Com  x Internet 030417|517|8846|$0.00|$0.48|$42,557.00|104822|Transferencias TEF
0559478361|03/04/2017|03/04/2017|0000000000|CARGO POR PAGO CONCENTRACION|503|8846|$0.00|$3,848.00|$38,709.00|104823|BEM ENLACE TPE      0000000000000000000000008000000138085314, AL RFC ETP1501216EA, RAS 88467093493310002742  FAC 002742
0559478361|03/04/2017|03/04/2017|0000290317|DEPOSITO DE CUENTA DE TERCEROS|263|8846|$1,215.00|$0.00|$39,924.00|104824|DE LA CUENTA 0203534542, PAGO FAC. SJGE930308
0559478361|03/04/2017|03/04/2017|0000030417|DEPOSITO DE CUENTA DE TERCEROS|263|7279|$29,115.44|$0.00|$69,039.44|104825|DE LA CUENTA 0487719680, pago de gas
0559478361|03/04/2017|03/04/2017|0000030417|DEPOSITO DE CUENTA DE TERCEROS|263|7279|$926.10|$0.00|$69,965.54|104826|DE LA CUENTA 0229242481, factura pendiente
0559478361|03/04/2017|03/04/2017|0000030417|DEPOSITO DE CUENTA DE TERCEROS|263|7279|$999.18|$0.00|$70,964.72|104827|DE LA CUENTA 0229242481, factura pendiente
0559478361|03/04/2017|03/04/2017|0000000001|DEPOSITO DE CUENTA DE TERCEROS|263|8846|$195,889.88|$0.00|$266,854.60|104828|DE LA CUENTA 0403127940, COMPRA DE GAS METRO
0559478361|03/04/2017|03/04/2017|0000000001|DEPOSITO DE CUENTA DE TERCEROS|263|8846|$190,908.11|$0.00|$457,762.71|104829|DE LA CUENTA 0403127940, COMPRA DE GAS METRO
0559478361|03/04/2017|03/04/2017|0000000001|DEPOSITO DE CUENTA DE TERCEROS|263|8846|$187,753.31|$0.00|$645,516.02|104830|DE LA CUENTA 0403127940, COMPRA DE GAS METRO
0559478361|03/04/2017|03/04/2017|2629910000|DEPOSITO DE CUENTA DE TERCEROS|263|8846|$51,515.10|$0.00|$697,031.12|104831|DE LA CUENTA 0614638952, GL262991 GAS METROPOLITANO SA
0559478361|03/04/2017|03/04/2017|0000030417|DEPOSITO DE CUENTA DE TERCEROS|263|4880|$638.19|$0.00|$697,669.31|104832|DE LA CUENTA 0229242481, factura pendiente
0559478361|04/04/2017|04/04/2017|0000000000|DEP EN EFECTIVO ATM BTE N21648|000|4666|$500.00|$0.00|$698,169.31|104833|
0559478361|04/04/2017|04/04/2017|0000000000|2017SIAFP171230|003|5663|$43,290.66|$0.00|$741,459.97|104834|SPEI RECIBIDO DEL BANCO 2001 BANXICO, DEL CLIENTE TESORERIA DE LA FEDERACION, DE LA CLABE 001180228001000108   CON RFC SHC850101U37, CONCEPTO: 2 113 1820  PAGO TESOFE  0100, REFERENCIA: 0000420 CVE RAST: 2017SIAFP171230
0559478361|04/04/2017|04/04/2017|0000000000|CERTIFICA.CHQ. 0012261|526|0004|$0.00|$1,500.00|$739,959.97|104835|
0559478361|04/04/2017|04/04/2017|0000000000|COMISION CHEQUE CERT.0012261|542|0004|$0.00|$150.00|$739,809.97|104836|
0559478361|04/04/2017|04/04/2017|0000000000|IVA COMISION CHEQUE C0012261|517|0004|$0.00|$24.00|$739,785.97|104837|
0559478361|04/04/2017|04/04/2017|0000000000|BNET01001704040000070221|003|5663|$6,371.82|$0.00|$746,157.79|104838|SPEI RECIBIDO DEL BANCO 0012 BBVA BANCOMER, DEL CLIENTE GRUPO DABESARE SAPI DE CV, DE LA CLABE 012180001039926910   CON RFC GDA150930EIA, CONCEPTO: GAS LP 280317, REFERENCIA: 0040417 CVE RAST: BNET01001704040000070221
0559478361|04/04/2017|04/04/2017|0000000000|2017040440014 TCT0000473490780|003|5663|$188,293.76|$0.00|$934,451.55|104839|SPEI RECIBIDO DEL BANCO 0014 SANTANDER, DEL CLIENTE GAS O LENA SA DE CV, DE LA CLABE 014261655041710474   CON RFC ND, CONCEPTO: 30723, REFERENCIA: 0000001 CVE RAST: 2017040440014 TCT0000473490780
0559478361|04/04/2017|04/04/2017|0000000000|DISPOSICION CREDITO EN LINEA|247|8846|$5,000,000.00|$0.00|$5,934,451.55|104840|040417, CREDITO: 83379970DISPOSICION.-  5000000 -COM X TRANS, DISPOSICION, MODALIDAD: VIGENTE EN MONEDA:   M.N., SALDO: -ACTUAL-  0 5000000 -VENCIDO-  0, DISPOSICION CREDITO 83379970 REF 0000040417 SECUENCIA 8985
0559478361|04/04/2017|04/04/2017|0000000000|COM. USO DE CREDILINEA|537|8846|$0.00|$50.00|$5,934,401.55|104841|
0559478361|04/04/2017|04/04/2017|0000000000|IVA COM. USO DE CREDILINEA|517|8846|$0.00|$8.00|$5,934,393.55|104842|
0559478361|04/04/2017|04/04/2017|0000040417|TRANSF ELECTRONICA FONDOS: TEF|503|8846|$0.00|$333.62|$5,934,059.93|104843|CLABE: 036180500126127785, BEM TEF.BCO:036  SEGUROS INBURSA SA, CVE.RASTREO:0806965 RFC: SIN9408027L7   IVA:00000046.02, POLIZA 26300 30098750
0559478361|04/04/2017|04/04/2017|0000000000|Comision x Internet 040417|727|8846|$0.00|$3.00|$5,934,056.93|104844|Transferencias TEF
0559478361|04/04/2017|04/04/2017|0000000000|IVA Com  x Internet 040417|517|8846|$0.00|$0.48|$5,934,056.45|104845|Transferencias TEF
0559478361|04/04/2017|04/04/2017|0000040417|TRASPASO A CUENTA PROPIA|790|8846|$0.00|$5,000,000.00|$934,056.45|104846|IVA:00000000.00    , A LA CUENTA 0004686365, TRASPASO PAGADORA BANORTE AL R.F.C. GME540707CD1
0559478361|04/04/2017|04/04/2017|0000000001|DEPOSITO DE CUENTA DE TERCEROS|263|8846|$13,382.46|$0.00|$947,438.91|104847|DE LA CUENTA 0439674443, Pago fact 921586
0559478361|04/04/2017|04/04/2017|0000040417|0810315CARGO TRANSFERENCIA ELE|503|4264|$0.00|$11,368.00|$936,070.91|104848|CTA/CLABE: 002180700976858928, CB TEF, BCO 002,BENEFICIARIO GONZALEZ GONZALEZ LUZ MARIA, CVE RASTREO:    0810315 RFC: GOGL680529HR4, AL R.F.C.                IVA:00000000.00, A164A161
0559478361|04/04/2017|04/04/2017|0000040417|COM OPER INET|726|4264|$0.00|$3.00|$936,067.91|104849|Operacion Conexion Banorte
0559478361|04/04/2017|04/04/2017|0000040417|I.V.A.|517|4264|$0.00|$0.48|$936,067.43|104850|Operacion Conexion Banorte
0559478361|04/04/2017|04/04/2017|0000040417|0810316CARGO TRANSFERENCIA ELE|503|4264|$0.00|$13,743.64|$922,323.79|104851|CTA/CLABE: 002180700841205198, CB TEF, BCO 002,BENEFICIARIO MOLINA ACOSTA JOSE MARTIN, CVE RASTREO:    0810316 RFC: MOAM700824MI0, AL R.F.C.                IVA:00000000.00, DD20DD11
0559478361|04/04/2017|04/04/2017|0000040417|COM OPER INET|726|4264|$0.00|$3.00|$922,320.79|104852|Operacion Conexion Banorte
0559478361|04/04/2017|04/04/2017|0000040417|I.V.A.|517|4264|$0.00|$0.48|$922,320.31|104853|Operacion Conexion Banorte
0559478361|04/04/2017|04/04/2017|0000040417|0810317CARGO TRANSFERENCIA ELE|503|4264|$0.00|$17,400.00|$904,920.31|104854|CTA/CLABE: 002180700445211973, CB TEF, BCO 002,BENEFICIARIO GONZALEZ PORTILLO CAROLINA, CVE RASTREO:    0810317 RFC: GOPC801208GI1, AL R.F.C.                IVA:00000000.00, 62716
0559478361|04/04/2017|04/04/2017|0000040417|COM OPER INET|726|4264|$0.00|$3.00|$904,917.31|104855|Operacion Conexion Banorte
0559478361|04/04/2017|04/04/2017|0000040417|I.V.A.|517|4264|$0.00|$0.48|$904,916.83|104856|Operacion Conexion Banorte
0559478361|04/04/2017|04/04/2017|0000040417|0810318CARGO TRANSFERENCIA ELE|503|4264|$0.00|$12,411.52|$892,505.31|104857|CTA/CLABE: 002180022715074997, CB TEF, BCO 002,BENEFICIARIO SERVOINFORMATICA SA DE CV, CVE RASTREO:    0810318 RFC: SER841108244, AL R.F.C.                IVA:00000000.00, B2395
0559478361|04/04/2017|04/04/2017|0000040417|COM OPER INET|726|4264|$0.00|$3.00|$892,502.31|104858|Operacion Conexion Banorte
0559478361|04/04/2017|04/04/2017|0000040417|I.V.A.|517|4264|$0.00|$0.48|$892,501.83|104859|Operacion Conexion Banorte
0559478361|04/04/2017|04/04/2017|0000040417|TRASPASO  A CTA :   0004668944|504|4264|$0.00|$235,676.99|$656,824.84|104860|IVA:00000274.46    ,A CUENTA   0004668944, TERCEROS AL R.F.C. THI750725EX3
0559478361|04/04/2017|04/04/2017|0000040417|COM OPER INET|726|4264|$0.00|$3.00|$656,821.84|104861|Operacion Conexion Banorte
0559478361|04/04/2017|04/04/2017|0000040417|I.V.A.|517|4264|$0.00|$0.48|$656,821.36|104862|Operacion Conexion Banorte
0559478361|04/04/2017|04/04/2017|0000000000|2017040440014 TCT0000474526440|003|5663|$192,216.02|$0.00|$849,037.38|104863|SPEI RECIBIDO DEL BANCO 0014 SANTANDER, DEL CLIENTE GAS O LENA SA DE CV, DE LA CLABE 014261655041710474   CON RFC ND, CONCEPTO: 31161, REFERENCIA: 0000001 CVE RAST: 2017040440014 TCT0000474526440
0559478361|04/04/2017|04/04/2017|0000000000|085903646310309470|003|5663|$1,351.35|$0.00|$850,388.73|104864|SPEI RECIBIDO DEL BANCO 0002 BANAMEX, DEL CLIENTE PROPIEDADES A Y F SC, DE LA CLABE 002180421500006661   CON RFC PAF820831NX8, CONCEPTO: F SJGE925763 VENTA 165 LTS GAS LP, REFERENCIA: 0011523 CVE RAST: 085903646310309470
0559478361|04/04/2017|04/04/2017|0000000000|CARGO POR PAGO CONCENTRACION|503|8846|$0.00|$4,270.00|$846,118.73|104865|BEM GOBIERNO DEL ES 0000000000000102000000010527343030989271, AL RFC GEM850101BJ3, RAS 88467094748184031681  FAC 031681
0559478361|04/04/2017|04/04/2017|0000000000|CARGO POR PAGO CONCENTRACION|503|8846|$0.00|$20,721.00|$825,397.73|104866|BEM GOBIERNO DEL D. 8313461902701WTDCBTY, AL RFC  GDF9712054NA, RAS 88467094748185004154  FAC 004154
0559478361|05/04/2017|05/04/2017|0000000000|0011522F-SJGE925757 VENTA 685|003|4052|$5,610.15|$0.00|$831,007.88|104867|TEF BCO:002  PROPIEDADES A Y F SC, CTA/CLABE 002180421500006661 F-SJGE925757 VENTA 685 LTS GAS, CVE.RASTREO:OPI BANAMEX 085903646330309470, RFC:PAF820831NX8 V IVA:000000000000000
0559478361|05/04/2017|05/04/2017|0000000000|8463328CARGO DOMICILIACION|503|0373|$0.00|$17,104.19|$813,903.69|104868|CGO DOMICILIACION:EDIFACTMX SA DE CV, LEYENDA: COBRANZA EDIFACTMX, REF SERV EMISOR:GME540707CD1, CVE DE RASTREO:201704040700063000003045000000 REF:8463328, RFC  EDI101020E99  IVA:           0.00
0559478361|05/04/2017|05/04/2017|0000000056|DEPOSITO DE CUENTA DE TERCEROS|263|8846|$10,989.01|$0.00|$824,892.70|104869|DE LA CUENTA 0210555590, FACTS. 922455 y 928570
0559478361|05/04/2017|05/04/2017|0000201705|DEPOSITO DE CUENTA DE TERCEROS|263|7875|$4,025.70|$0.00|$828,918.40|104870|DE LA CUENTA 0222901640, PAGO GAS 05ABRIL2017 DE LIRAS
0559478361|05/04/2017|05/04/2017|0000050417|TRANSF ELECTRONICA FONDOS: TEF|503|8846|$0.00|$100.00|$828,818.40|104871|CLABE: 012180001910844616, BEM TEF.BCO:012  RECONSTRUCTORA NACIONAL DE TR, CVE.RASTREO:0824206 RFC: RNT900306ID0   IVA:00000000.00, PAGO COMPLEMENTO FACTURA 366
0559478361|05/04/2017|05/04/2017|0000000000|Comision x Internet 050417|727|8846|$0.00|$3.00|$828,815.40|104872|Transferencias TEF
0559478361|05/04/2017|05/04/2017|0000000000|IVA Com  x Internet 050417|517|8846|$0.00|$0.48|$828,814.92|104873|Transferencias TEF
0559478361|05/04/2017|05/04/2017|0000000000|3573804133|003|5663|$16,734.60|$0.00|$845,549.52|104874|SPEI RECIBIDO DEL BANCO 0044 SCOTIABANK, DEL CLIENTE EMEK HEBREW DAYSCHOOL  A C, DE LA CLABE 044180001067875920   CON RFC EHD760816J69, CONCEPTO: gasmetrop, REFERENCIA: 5697814 CVE RAST: 3573804133
0559478361|05/04/2017|05/04/2017|0000000000|3573804448|003|5663|$17,059.77|$0.00|$862,609.29|104875|SPEI RECIBIDO DEL BANCO 0044 SCOTIABANK, DEL CLIENTE EMEK HEBREW DAYSCHOOL  A C, DE LA CLABE 044180001067875920   CON RFC EHD760816J69, CONCEPTO: gasmetrop, REFERENCIA: 5611328 CVE RAST: 3573804448
0559478361|05/04/2017|05/04/2017|0000050417|TRASPASO  A CTA :   0209662737|504|4264|$0.00|$10,440.00|$852,169.29|104876|IVA:00000011.73    ,A CUENTA   0209662737, 33945 AL R.F.C. BCO130927JU4
0559478361|05/04/2017|05/04/2017|0000050417|COM OPER INET|726|4264|$0.00|$3.00|$852,166.29|104877|Operacion Conexion Banorte
0559478361|05/04/2017|05/04/2017|0000050417|I.V.A.|517|4264|$0.00|$0.48|$852,165.81|104878|Operacion Conexion Banorte
0559478361|05/04/2017|05/04/2017|0000000001|DEPOSITO DE CUENTA DE TERCEROS|263|8846|$188,959.12|$0.00|$1,041,124.93|104879|DE LA CUENTA 0403127940, COMPRA DE GAS METRO
0559478361|05/04/2017|05/04/2017|0000000001|DEPOSITO DE CUENTA DE TERCEROS|263|8846|$170,281.79|$0.00|$1,211,406.72|104880|DE LA CUENTA 0403127940, COMPRA DE GAS METRO
0559478361|05/04/2017|05/04/2017|0000000001|DEPOSITO DE CUENTA DE TERCEROS|263|8846|$158,777.42|$0.00|$1,370,184.14|104881|DE LA CUENTA 0403127940, COMPRA DE GAS METRO
0559478361|05/04/2017|05/04/2017|0000000001|DEPOSITO DE CUENTA DE TERCEROS|263|8846|$223,829.30|$0.00|$1,594,013.44|104882|DE LA CUENTA 0403127940, COMPRA DE GAS METRO
0559478361|05/04/2017|05/04/2017|0000000000|BNET01001704050000118132|003|5663|$4,730.08|$0.00|$1,598,743.52|104883|SPEI RECIBIDO DEL BANCO 0012 BBVA BANCOMER, DEL CLIENTE COMERCIALIZADORA CORRO SA DE CV, DE LA CLABE 012180001940881746   CON RFC CCO030306811, CONCEPTO: PAGO FACTURA GAS, REFERENCIA: 0140317 CVE RAST: BNET01001704050000118132
0559478361|05/04/2017|05/04/2017|0000040417|TRASPASO A CUENTA DE TERCEROS|791|8846|$0.00|$220,430.21|$1,378,313.31|104884|IVA:00000000.00    , A LA CUENTA: 0157629091, PAGO PRESUPUESTO 487170 GAS METROPOLITANO, AL R.F.C. SOB811020LA3
0559478361|05/04/2017|05/04/2017|0000000000|Comision x Internet 040417|726|8846|$0.00|$3.00|$1,378,310.31|104885|Transferencias Tercero Banorte
0559478361|05/04/2017|05/04/2017|0000000000|IVA Com  x Internet 040417|517|8846|$0.00|$0.48|$1,378,309.83|104886|Transferencias Tercero Banorte
0559478361|05/04/2017|05/04/2017|0000050417|COMPRA ORDEN DE PAGO SPEI|511|8846|$0.00|$20,150.00|$1,358,159.83|104887|= REFERENCIA  CTA/CLABE: 002180020841829429, BEM SPEI, BCO:002 BENEFICIARIO:MARISELA RAMIREZ LOPEZ, PAGO HONORARIOS CONSEJO ABRIL 17, CVE RASTREO: 8846APA7201704050437797874 RFC: RALM520420DT4, IVA: 000000000000.00 BANAMEX
0559478361|05/04/2017|05/04/2017|0000000000|COMISION ORDEN DE PAGO SPEI|537|8846|$0.00|$8.90|$1,358,150.93|104888|REFERENCIA: 0050417
0559478361|05/04/2017|05/04/2017|0000000000|I.V.A. ORDEN DE PAGO SPEI|517|8846|$0.00|$1.42|$1,358,149.51|104889|REFERENCIA: 0050417
0559478361|05/04/2017|05/04/2017|0000050417|COMPRA ORDEN DE PAGO SPEI|511|8846|$0.00|$20,150.00|$1,337,999.51|104890|= REFERENCIA  CTA/CLABE: 002180415400149715, BEM SPEI, BCO:002 BENEFICIARIO:MARIA EUGENIA RAMIREZ LOPEZ, PAGO HONORARIOS CONSEJO ABRIL 17, CVE RASTREO: 8846CAP4201704050437797875 RFC: RALE5011054CA, IVA: 000000000000.00 BANAMEX
0559478361|05/04/2017|05/04/2017|0000000000|COMISION ORDEN DE PAGO SPEI|537|8846|$0.00|$8.90|$1,337,990.61|104891|REFERENCIA: 0050417
0559478361|05/04/2017|05/04/2017|0000000000|I.V.A. ORDEN DE PAGO SPEI|517|8846|$0.00|$1.42|$1,337,989.19|104892|REFERENCIA: 0050417
0559478361|05/04/2017|05/04/2017|0000050417|COMPRA ORDEN DE PAGO SPEI|511|8846|$0.00|$20,150.00|$1,317,839.19|104893|= REFERENCIA  CTA/CLABE: 002180415300191850, BEM SPEI, BCO:002 BENEFICIARIO:Maria Teresa Ramirez Lopez, PAGO HONORARIOS CONSEJO ABRIL 17, CVE RASTREO: 8846CAP4201704050437797877 RFC: RALT541029RZ8, IVA: 000000000000.00 BANAMEX
0559478361|05/04/2017|05/04/2017|0000000000|COMISION ORDEN DE PAGO SPEI|537|8846|$0.00|$8.90|$1,317,830.29|104894|REFERENCIA: 0050417
0559478361|05/04/2017|05/04/2017|0000000000|I.V.A. ORDEN DE PAGO SPEI|517|8846|$0.00|$1.42|$1,317,828.87|104895|REFERENCIA: 0050417
0559478361|05/04/2017|05/04/2017|0000050417|COMPRA ORDEN DE PAGO SPEI|511|8846|$0.00|$20,150.00|$1,297,678.87|104896|= REFERENCIA  CTA/CLABE: 002180020841829856, BEM SPEI, BCO:002 BENEFICIARIO:MARIA ELENA RAMIREZ LOPEZ, PAGO HONORARIOS CONSEJO ABRIL 17, CVE RASTREO: 8846CAP3201704050437797879 RFC: RALE461127GK0, IVA: 000000000000.00 BANAMEX
0559478361|05/04/2017|05/04/2017|0000000000|COMISION ORDEN DE PAGO SPEI|537|8846|$0.00|$8.90|$1,297,669.97|104897|REFERENCIA: 0050417
0559478361|05/04/2017|05/04/2017|0000000000|I.V.A. ORDEN DE PAGO SPEI|517|8846|$0.00|$1.42|$1,297,668.55|104898|REFERENCIA: 0050417
0559478361|05/04/2017|05/04/2017|0000050417|COMPRA ORDEN DE PAGO SPEI|511|8846|$0.00|$20,150.00|$1,277,518.55|104899|= REFERENCIA  CTA/CLABE: 002180020809102939, BEM SPEI, BCO:002 BENEFICIARIO:EDUARDO RAMIREZ LOPEZ, PAGO HONORARIOS CONSEJO ABRIL 17, CVE RASTREO: 8846APAB201704050437797884 RFC: RALE4910038H5, IVA: 000000000000.00 BANAMEX
0559478361|05/04/2017|05/04/2017|0000000000|COMISION ORDEN DE PAGO SPEI|537|8846|$0.00|$8.90|$1,277,509.65|104900|REFERENCIA: 0050417
0559478361|05/04/2017|05/04/2017|0000000000|I.V.A. ORDEN DE PAGO SPEI|517|8846|$0.00|$1.42|$1,277,508.23|104901|REFERENCIA: 0050417
0559478361|05/04/2017|05/04/2017|0000004856|COMPRA ORDEN DE PAGO SPEI|511|8846|$0.00|$205,199.55|$1,072,308.68|104902|= REFERENCIA  CTA/CLABE: 014180655026013015, BEM SPEI, BCO:014 BENEFICIARIO:CONSORCIO GASOLINERO PLUS SA, C4856 DIESEL ATQS FACT GI 299804, CVE RASTREO: 8846CAP4201704050437797887 RFC: CGP970522EE4, IVA: 000000027772.19 SANTANDER
0559478361|05/04/2017|05/04/2017|0000000000|COMISION ORDEN DE PAGO SPEI|537|8846|$0.00|$8.90|$1,072,299.78|104903|REFERENCIA: 0004856
0559478361|05/04/2017|05/04/2017|0000000000|I.V.A. ORDEN DE PAGO SPEI|517|8846|$0.00|$1.42|$1,072,298.36|104904|REFERENCIA: 0004856
0559478361|05/04/2017|05/04/2017|0000000000|CARGO POR PAGO CONCENTRACION|503|8846|$0.00|$1,362.00|$1,070,936.36|104905|BEM GOBIERNO DEL ES 0000000000000203000000010530263833474258, AL RFC GEM850101BJ3, RAS 88467095866982031681  FAC 031681
0559478361|05/04/2017|05/04/2017|0000000000|CARGO POR PAGO CONCENTRACION|503|8846|$0.00|$1,362.00|$1,069,574.36|104906|BEM GOBIERNO DEL ES 0000000000000203000000010530059533474256, AL RFC GEM850101BJ3, RAS 88467095866983031681  FAC 031681
0559478361|05/04/2017|05/04/2017|0000000000|CARGO POR PAGO CONCENTRACION|503|8846|$0.00|$1,362.00|$1,068,212.36|104907|BEM GOBIERNO DEL ES 0000000000000203000000010529147333474286, AL RFC GEM850101BJ3, RAS 88467095866984031681  FAC 031681
0559478361|05/04/2017|05/04/2017|0000000000|CARGO POR PAGO CONCENTRACION|503|8846|$0.00|$1,362.00|$1,066,850.36|104908|BEM GOBIERNO DEL ES 0000000000000203000000010529244133474232, AL RFC GEM850101BJ3, RAS 88467095866985031681  FAC 031681
0559478361|05/04/2017|05/04/2017|0000000000|CARGO POR PAGO CONCENTRACION|503|8846|$0.00|$6,449.33|$1,060,401.03|104909|BEM AT T COMUNICACI 0000000000000000000000000000000000420018, AL RFC CNM980114PI2, RAS 88467095866987006936  FAC 006936
0559478361|05/04/2017|05/04/2017|0000000000|CARGO POR PAGO CONCENTRACION|503|8846|$0.00|$4,270.00|$1,056,131.03|104910|BEM GOBIERNO DEL ES 0000000000000102000000010535751530989210, AL RFC GEM850101BJ3, RAS 88467095866989031681  FAC 031681
0559478361|05/04/2017|05/04/2017|0000012265|CHEQUE 0012265|508|0004|$0.00|$23,085.26|$1,033,045.77|104911|DEPOSITO A CTA. 0004675738 RFC RALE4910038H5
0559478361|05/04/2017|05/04/2017|0000012266|CHEQUE 0012266|508|0004|$0.00|$28,857.72|$1,004,188.05|104912|DEPOSITO A CTA. 0004675738 RFC RALE4910038H5
0559478361|05/04/2017|05/04/2017|0000000000|2017040540014 TCT0000478037860|003|5663|$188,784.10|$0.00|$1,192,972.15|104913|SPEI RECIBIDO DEL BANCO 0014 SANTANDER, DEL CLIENTE GAS O LENA SA DE CV, DE LA CLABE 014261655041710474   CON RFC ND, CONCEPTO: 31160, REFERENCIA: 0000001 CVE RAST: 2017040540014 TCT0000478037860
0559478361|05/04/2017|05/04/2017|0000050417|DEPOSITO DE CUENTA DE TERCEROS|263|8846|$799.85|$0.00|$1,193,772.00|104914|DE LA CUENTA 0517956609, FACT. SJOI 4835
0559478361|05/04/2017|05/04/2017|0000050417|TRANSF ELECTRONICA FONDOS: TEF|503|8846|$0.00|$2,900.00|$1,190,872.00|104915|CLABE: 014180655052296550, BEM TEF.BCO:014  SAMUEL LASCARI ANDERSON, CVE.RASTREO:0835783 RFC: LAAS5806296V1  IVA:00000400.00, FACT 371
0559478361|05/04/2017|05/04/2017|0000000000|Comision x Internet 050417|727|8846|$0.00|$3.00|$1,190,869.00|104916|Transferencias TEF
0559478361|05/04/2017|05/04/2017|0000000000|IVA Com  x Internet 050417|517|8846|$0.00|$0.48|$1,190,868.52|104917|Transferencias TEF
0559478361|05/04/2017|05/04/2017|0000021708|DEPOSITO DE CUENTA DE TERCEROS|263|8846|$3,071.25|$0.00|$1,193,939.77|104918|DE LA CUENTA 0671022572, 156696 156697 157539 Y 157540
0559478361|05/04/2017|05/04/2017|0000050417|DEPOSITO DE CUENTA DE TERCEROS|263|8846|$130,153.48|$0.00|$1,324,093.25|104919|DE LA CUENTA 0586760530, FACTURAS AMICSA SA DE CV
0559478361|05/04/2017|05/04/2017|0000050417|0838910CARGO TRANSFERENCIA ELE|503|4264|$0.00|$26,685.80|$1,297,407.45|104920|CTA/CLABE: 002456700925756064, CB TEF, BCO 002,BENEFICIARIO GONZALEZ CESAREO BRENDA, CVE RASTREO:    0838910 RFC: GOCB961125V13, AL R.F.C.                IVA:00000000.00, 111112
0559478361|05/04/2017|05/04/2017|0000050417|COM OPER INET|726|4264|$0.00|$3.00|$1,297,404.45|104921|Operacion Conexion Banorte
0559478361|05/04/2017|05/04/2017|0000050417|I.V.A.|517|4264|$0.00|$0.48|$1,297,403.97|104922|Operacion Conexion Banorte
0559478361|05/04/2017|05/04/2017|0000050417|0838911CARGO TRANSFERENCIA ELE|503|4264|$0.00|$8,468.00|$1,288,935.97|104923|CTA/CLABE: 021180040591842911, CB TEF, BCO 021,BENEFICIARIO REYES PEREZ ERICK, CVE RASTREO:    0838911 RFC: REPE700922IH7, AL R.F.C.                IVA:00000000.00, 47346944944745044845345
0559478361|05/04/2017|05/04/2017|0000050417|COM OPER INET|726|4264|$0.00|$3.00|$1,288,932.97|104924|Operacion Conexion Banorte
0559478361|05/04/2017|05/04/2017|0000050417|I.V.A.|517|4264|$0.00|$0.48|$1,288,932.49|104925|Operacion Conexion Banorte
0559478361|05/04/2017|05/04/2017|0000050417|0838912CARGO TRANSFERENCIA ELE|503|4264|$0.00|$70,935.99|$1,217,996.50|104926|CTA/CLABE: 012933001981448269, CB TEF, BCO 012,BENEFICIARIO TRANSPORTES CEGU SA DE CV, CVE RASTREO:    0838912 RFC: TCE0612186Z2, AL R.F.C.                IVA:00000000.00, TERCEROS
0559478361|05/04/2017|05/04/2017|0000050417|COM OPER INET|726|4264|$0.00|$3.00|$1,217,993.50|104927|Operacion Conexion Banorte
0559478361|05/04/2017|05/04/2017|0000050417|I.V.A.|517|4264|$0.00|$0.48|$1,217,993.02|104928|Operacion Conexion Banorte
0559478361|05/04/2017|05/04/2017|0000050417|0838913CARGO TRANSFERENCIA ELE|503|4264|$0.00|$10,424.86|$1,207,568.16|104929|CTA/CLABE: 012180029640228908, CB TEF, BCO 012,BENEFICIARIO HERNANDEZ PADILLA ANA MARIA PA, CVE RASTREO:    0838913 RFC: HEPA520101BK5, AL R.F.C.                IVA:00000000.00, AC1D65D59349
0559478361|05/04/2017|05/04/2017|0000050417|COM OPER INET|726|4264|$0.00|$3.00|$1,207,565.16|104930|Operacion Conexion Banorte
0559478361|05/04/2017|05/04/2017|0000050417|I.V.A.|517|4264|$0.00|$0.48|$1,207,564.68|104931|Operacion Conexion Banorte
0559478361|05/04/2017|05/04/2017|0000050417|0838914CARGO TRANSFERENCIA ELE|503|4264|$0.00|$28,501.20|$1,179,063.48|104932|CTA/CLABE: 030180900005911210, CB TEF, BCO 030,BENEFICIARIO RODRIGUEZ SOLIS JORGE, CVE RASTREO:    0838914 RFC: ROSJ710914F27, AL R.F.C.                IVA:00000000.00, 142139135133131127
0559478361|05/04/2017|05/04/2017|0000050417|COM OPER INET|726|4264|$0.00|$3.00|$1,179,060.48|104933|Operacion Conexion Banorte
0559478361|05/04/2017|05/04/2017|0000050417|I.V.A.|517|4264|$0.00|$0.48|$1,179,060.00|104934|Operacion Conexion Banorte
0559478361|05/04/2017|05/04/2017|0000050417|0838915CARGO TRANSFERENCIA ELE|503|4264|$0.00|$88,365.19|$1,090,694.81|104935|CTA/CLABE: 014261655044574785, CB TEF, BCO 014,BENEFICIARIO JF TRANSPORTES SA DE CV, CVE RASTREO:    0838915 RFC: JTR140311KJ0, AL R.F.C.                IVA:00000000.00, TERCEROS
0559478361|05/04/2017|05/04/2017|0000050417|COM OPER INET|726|4264|$0.00|$3.00|$1,090,691.81|104936|Operacion Conexion Banorte
0559478361|05/04/2017|05/04/2017|0000050417|I.V.A.|517|4264|$0.00|$0.48|$1,090,691.33|104937|Operacion Conexion Banorte
0559478361|05/04/2017|05/04/2017|0000050417|0838916CARGO TRANSFERENCIA ELE|503|4264|$0.00|$85,861.06|$1,004,830.27|104938|CTA/CLABE: 014261655042010704, CB TEF, BCO 014,BENEFICIARIO TRANSPORTADORA EFIKA SA DE CV, CVE RASTREO:    0838916 RFC: TEF140104N77, AL R.F.C.                IVA:00000000.00, TERCEROS
0559478361|05/04/2017|05/04/2017|0000050417|COM OPER INET|726|4264|$0.00|$3.00|$1,004,827.27|104939|Operacion Conexion Banorte
0559478361|05/04/2017|05/04/2017|0000050417|I.V.A.|517|4264|$0.00|$0.48|$1,004,826.79|104940|Operacion Conexion Banorte
0559478361|05/04/2017|05/04/2017|0000050417|0838917CARGO TRANSFERENCIA ELE|503|4264|$0.00|$5,600.00|$999,226.79|104941|CTA/CLABE: 012180001496697604, CB TEF, BCO 012,BENEFICIARIO FLORES VALDEZ VICTOR ERICK, CVE RASTREO:    0838917 RFC: FOVV790211J57, AL R.F.C.                IVA:00000000.00, TERCEROS
0559478361|05/04/2017|05/04/2017|0000050417|COM OPER INET|726|4264|$0.00|$3.00|$999,223.79|104942|Operacion Conexion Banorte
0559478361|05/04/2017|05/04/2017|0000050417|I.V.A.|517|4264|$0.00|$0.48|$999,223.31|104943|Operacion Conexion Banorte
0559478361|05/04/2017|05/04/2017|0000050417|0838918CARGO TRANSFERENCIA ELE|503|4264|$0.00|$11,006.08|$988,217.23|104944|CTA/CLABE: 012180001982113100, CB TEF, BCO 012,BENEFICIARIO MORALES JARA JOSE LUIS, CVE RASTREO:    0838918 RFC: MOJL7308253Y5, AL R.F.C.                IVA:00000000.00, A701A700A699A693A691A678
0559478361|05/04/2017|05/04/2017|0000050417|COM OPER INET|726|4264|$0.00|$3.00|$988,214.23|104945|Operacion Conexion Banorte
0559478361|05/04/2017|05/04/2017|0000050417|I.V.A.|517|4264|$0.00|$0.48|$988,213.75|104946|Operacion Conexion Banorte
0559478361|05/04/2017|05/04/2017|0000050417|0838919CARGO TRANSFERENCIA ELE|503|4264|$0.00|$75,625.89|$912,587.86|104947|CTA/CLABE: 058580460063900136, CB TEF, BCO 058,BENEFICIARIO TRANSPORTES MIGAR SA DE CV, CVE RASTREO:    0838919 RFC: TMI9207151E5, AL R.F.C.                IVA:00000000.00, TERCEROS
0559478361|05/04/2017|05/04/2017|0000050417|COM OPER INET|726|4264|$0.00|$3.00|$912,584.86|104948|Operacion Conexion Banorte
0559478361|05/04/2017|05/04/2017|0000050417|I.V.A.|517|4264|$0.00|$0.48|$912,584.38|104949|Operacion Conexion Banorte
0559478361|05/04/2017|05/04/2017|0000050417|0838920CARGO TRANSFERENCIA ELE|503|4264|$0.00|$5,568.00|$907,016.38|104950|CTA/CLABE: 002180700400269494, CB TEF, BCO 002,BENEFICIARIO LEON BALTAZAR MARIA DEL ROCIO, CVE RASTREO:    0838920 RFC: LEBR7907198C3, AL R.F.C.                IVA:00000000.00, 895889823
0559478361|05/04/2017|05/04/2017|0000050417|COM OPER INET|726|4264|$0.00|$3.00|$907,013.38|104951|Operacion Conexion Banorte
0559478361|05/04/2017|05/04/2017|0000050417|I.V.A.|517|4264|$0.00|$0.48|$907,012.90|104952|Operacion Conexion Banorte
0559478361|05/04/2017|05/04/2017|0000050417|0838921CARGO TRANSFERENCIA ELE|503|4264|$0.00|$14,848.00|$892,164.90|104953|CTA/CLABE: 012180011045757338, CB TEF, BCO 012,BENEFICIARIO MEDINA DUARTE LUZ MARIA, CVE RASTREO:    0838921 RFC: MEDL521013JS5, AL R.F.C.                IVA:00000000.00, A363A362A360A359A358
0559478361|05/04/2017|05/04/2017|0000050417|COM OPER INET|726|4264|$0.00|$3.00|$892,161.90|104954|Operacion Conexion Banorte
0559478361|05/04/2017|05/04/2017|0000050417|I.V.A.|517|4264|$0.00|$0.48|$892,161.42|104955|Operacion Conexion Banorte
0559478361|05/04/2017|05/04/2017|0000050417|0838922CARGO TRANSFERENCIA ELE|503|4264|$0.00|$23,606.00|$868,555.42|104956|CTA/CLABE: 002180700233085748, CB TEF, BCO 002,BENEFICIARIO GOMEZ DURAN JUAN GILBERTO, CVE RASTREO:    0838922 RFC: GODJ790204A94, AL R.F.C.                IVA:00000000.00, A349A348
0559478361|05/04/2017|05/04/2017|0000050417|COM OPER INET|726|4264|$0.00|$3.00|$868,552.42|104957|Operacion Conexion Banorte
0559478361|05/04/2017|05/04/2017|0000050417|I.V.A.|517|4264|$0.00|$0.48|$868,551.94|104958|Operacion Conexion Banorte
0559478361|05/04/2017|05/04/2017|0000050417|0838923CARGO TRANSFERENCIA ELE|503|4264|$0.00|$37,700.00|$830,851.94|104959|CTA/CLABE: 002180045875178121, CB TEF, BCO 002,BENEFICIARIO PARRA GARCIA MARIA PATRICIA, CVE RASTREO:    0838923 RFC: PAGP6911268R8, AL R.F.C.                IVA:00000000.00, 7410
0559478361|05/04/2017|05/04/2017|0000050417|COM OPER INET|726|4264|$0.00|$3.00|$830,848.94|104960|Operacion Conexion Banorte
0559478361|05/04/2017|05/04/2017|0000050417|I.V.A.|517|4264|$0.00|$0.48|$830,848.46|104961|Operacion Conexion Banorte
0559478361|05/04/2017|05/04/2017|0000050417|0838924CARGO TRANSFERENCIA ELE|503|4264|$0.00|$19,794.99|$811,053.47|104962|CTA/CLABE: 002180024180062888, CB TEF, BCO 002,BENEFICIARIO ROJAS SERNA RUBEN, CVE RASTREO:    0838924 RFC: ROSR670423R12, AL R.F.C.                IVA:00000000.00, 138
0559478361|05/04/2017|05/04/2017|0000050417|COM OPER INET|726|4264|$0.00|$3.00|$811,050.47|104963|Operacion Conexion Banorte
0559478361|05/04/2017|05/04/2017|0000050417|I.V.A.|517|4264|$0.00|$0.48|$811,049.99|104964|Operacion Conexion Banorte
0559478361|05/04/2017|05/04/2017|0000050417|0838925CARGO TRANSFERENCIA ELE|503|4264|$0.00|$12,162.41|$798,887.58|104965|CTA/CLABE: 002180409000864257, CB TEF, BCO 002,BENEFICIARIO CUEVAS ORTIZ JAIME, CVE RASTREO:    0838925 RFC: CUOJ5605188Y7, AL R.F.C.                IVA:00000000.00, A2765A2699A2750A2749A2656
0559478361|05/04/2017|05/04/2017|0000050417|COM OPER INET|726|4264|$0.00|$3.00|$798,884.58|104966|Operacion Conexion Banorte
0559478361|05/04/2017|05/04/2017|0000050417|I.V.A.|517|4264|$0.00|$0.48|$798,884.10|104967|Operacion Conexion Banorte
0559478361|05/04/2017|05/04/2017|0000050417|0838926CARGO TRANSFERENCIA ELE|503|4264|$0.00|$2,025.36|$796,858.74|104968|CTA/CLABE: 002180021809636459, CB TEF, BCO 002,BENEFICIARIO CASTRO ROSAS FELIX, CVE RASTREO:    0838926 RFC: CARF7009225M7, AL R.F.C.                IVA:00000000.00, A1550A1549
0559478361|05/04/2017|05/04/2017|0000050417|COM OPER INET|726|4264|$0.00|$3.00|$796,855.74|104969|Operacion Conexion Banorte
0559478361|05/04/2017|05/04/2017|0000050417|I.V.A.|517|4264|$0.00|$0.48|$796,855.26|104970|Operacion Conexion Banorte
0559478361|05/04/2017|05/04/2017|0000050417|0838927CARGO TRANSFERENCIA ELE|503|4264|$0.00|$20,128.36|$776,726.90|104971|CTA/CLABE: 002180057484353626, CB TEF, BCO 002,BENEFICIARIO TREJO ZARATE MARIA DEL PILAR, CVE RASTREO:    0838927 RFC: TEZP5302045P8, AL R.F.C.                IVA:00000000.00, C11864C11825C11775C11776C1
0559478361|05/04/2017|05/04/2017|0000050417|COM OPER INET|726|4264|$0.00|$3.00|$776,723.90|104972|Operacion Conexion Banorte
0559478361|05/04/2017|05/04/2017|0000050417|I.V.A.|517|4264|$0.00|$0.48|$776,723.42|104973|Operacion Conexion Banorte
0559478361|05/04/2017|05/04/2017|0000050417|TRASPASO  A CTA :   0549167228|504|4264|$0.00|$17,788.76|$758,934.66|104974|IVA:00000020.00    ,A CUENTA   0549167228, AFAD401 AL R.F.C. IAMA751219DY0
0559478361|05/04/2017|05/04/2017|0000050417|COM OPER INET|726|4264|$0.00|$3.00|$758,931.66|104975|Operacion Conexion Banorte
0559478361|05/04/2017|05/04/2017|0000050417|I.V.A.|517|4264|$0.00|$0.48|$758,931.18|104976|Operacion Conexion Banorte
0559478361|05/04/2017|05/04/2017|0000050417|TRASPASO  A CTA :   0004668944|504|4264|$0.00|$207,897.89|$551,033.29|104977|IVA:00000242.11    ,A CUENTA   0004668944, TERCEROS AL R.F.C. THI750725EX3
0559478361|05/04/2017|05/04/2017|0000050417|COM OPER INET|726|4264|$0.00|$3.00|$551,030.29|104978|Operacion Conexion Banorte
0559478361|05/04/2017|05/04/2017|0000050417|I.V.A.|517|4264|$0.00|$0.48|$551,029.81|104979|Operacion Conexion Banorte
0559478361|05/04/2017|05/04/2017|0000050417|0838928CARGO TRANSFERENCIA ELE|503|4264|$0.00|$101,425.10|$449,604.71|104980|CTA/CLABE: 021180001950078608, CB TEF, BCO 021,BENEFICIARIO TRANSPORTADORA PORTUGAL SA DE, CVE RASTREO:    0838928 RFC: TPO880418EG2, AL R.F.C.                IVA:00000000.00, TERCEROS
0559478361|05/04/2017|05/04/2017|0000050417|COM OPER INET|726|4264|$0.00|$3.00|$449,601.71|104981|Operacion Conexion Banorte
0559478361|05/04/2017|05/04/2017|0000050417|I.V.A.|517|4264|$0.00|$0.48|$449,601.23|104982|Operacion Conexion Banorte
0559478361|05/04/2017|05/04/2017|0000050417|0838929CARGO TRANSFERENCIA ELE|503|4264|$0.00|$13,920.00|$435,681.23|104983|CTA/CLABE: 021180040210171730, CB TEF, BCO 021,BENEFICIARIO SANDOVAL FLORES ANGEL, CVE RASTREO:    0838929 RFC: SAFA5112042L4, AL R.F.C.                IVA:00000000.00, A1484A1455
0559478361|05/04/2017|05/04/2017|0000050417|COM OPER INET|726|4264|$0.00|$3.00|$435,678.23|104984|Operacion Conexion Banorte
0559478361|05/04/2017|05/04/2017|0000050417|I.V.A.|517|4264|$0.00|$0.48|$435,677.75|104985|Operacion Conexion Banorte
0559478361|05/04/2017|05/04/2017|0000050417|0838930CARGO TRANSFERENCIA ELE|503|4264|$0.00|$3,336.66|$432,341.09|104986|CTA/CLABE: 021180060858382259, CB TEF, BCO 021,BENEFICIARIO SANCHEZ GASPAR LUCIA LORENA, CVE RASTREO:    0838930 RFC: SAGL770625SZ5, AL R.F.C.                IVA:00000000.00, TERCEROS
0559478361|05/04/2017|05/04/2017|0000050417|COM OPER INET|726|4264|$0.00|$3.00|$432,338.09|104987|Operacion Conexion Banorte
0559478361|05/04/2017|05/04/2017|0000050417|I.V.A.|517|4264|$0.00|$0.48|$432,337.61|104988|Operacion Conexion Banorte
0559478361|05/04/2017|05/04/2017|0000050417|0838931CARGO TRANSFERENCIA ELE|503|4264|$0.00|$22,386.67|$409,950.94|104989|CTA/CLABE: 002180024530803341, CB TEF, BCO 002,BENEFICIARIO REFACCIONARIA ANTONIO LOPEZ GU, CVE RASTREO:    0838931 RFC: RAL851127QS2, AL R.F.C.                IVA:00000000.00, RAL92210RAL92148RAL92240RAL
0559478361|05/04/2017|05/04/2017|0000050417|COM OPER INET|726|4264|$0.00|$3.00|$409,947.94|104990|Operacion Conexion Banorte
0559478361|05/04/2017|05/04/2017|0000050417|I.V.A.|517|4264|$0.00|$0.48|$409,947.46|104991|Operacion Conexion Banorte
0559478361|05/04/2017|05/04/2017|0000050417|0838932CARGO TRANSFERENCIA ELE|503|4264|$0.00|$10,602.40|$399,345.06|104992|CTA/CLABE: 002180053975567967, CB TEF, BCO 002,BENEFICIARIO FERRETERIA SANTANDER SA DE CV, CVE RASTREO:    0838932 RFC: FSA680618RE3, AL R.F.C.                IVA:00000000.00, C692951C692551C692486C69240
0559478361|05/04/2017|05/04/2017|0000050417|COM OPER INET|726|4264|$0.00|$3.00|$399,342.06|104993|Operacion Conexion Banorte
0559478361|05/04/2017|05/04/2017|0000050417|I.V.A.|517|4264|$0.00|$0.48|$399,341.58|104994|Operacion Conexion Banorte
0559478361|05/04/2017|05/04/2017|0000050417|TRASPASO  A CTA :   0104351145|504|4264|$0.00|$36,279.12|$363,062.46|104995|IVA:00000040.79    ,A CUENTA   0104351145, I4055 AL R.F.C. CFU8502045K3
0559478361|05/04/2017|05/04/2017|0000050417|COM OPER INET|726|4264|$0.00|$3.00|$363,059.46|104996|Operacion Conexion Banorte
0559478361|05/04/2017|05/04/2017|0000050417|I.V.A.|517|4264|$0.00|$0.48|$363,058.98|104997|Operacion Conexion Banorte
0559478361|05/04/2017|05/04/2017|0000050417|0838933CARGO TRANSFERENCIA ELE|503|4264|$0.00|$8,120.00|$354,938.98|104998|CTA/CLABE: 002180497900030973, CB TEF, BCO 002,BENEFICIARIO BADILLO HERNANDEZ JOSE ANTONIO, CVE RASTREO:    0838933 RFC: BAHA690117RG5, AL R.F.C.                IVA:00000000.00, 442441
0559478361|05/04/2017|05/04/2017|0000050417|COM OPER INET|726|4264|$0.00|$3.00|$354,935.98|104999|Operacion Conexion Banorte
0559478361|05/04/2017|05/04/2017|0000050417|I.V.A.|517|4264|$0.00|$0.48|$354,935.50|105000|Operacion Conexion Banorte
0559478361|06/04/2017|06/04/2017|0000012263|CHEQ CA0012263|512|0316|$0.00|$24,048.14|$330,887.36|105001|RALE4910038H5
0559478361|06/04/2017|06/04/2017|0000012264|CHEQ CA0012264|512|0316|$0.00|$14,429.78|$316,457.58|105002|RALE4910038H5
0559478361|06/04/2017|06/04/2017|0000012267|CHEQ CA0012267|512|0316|$0.00|$18,757.44|$297,700.14|105003|RALE461127GK0
0559478361|06/04/2017|06/04/2017|0000012268|CHEQ CA0012268|512|0316|$0.00|$18,757.25|$278,942.89|105004|RALM520420DT4
0559478361|06/04/2017|06/04/2017|0000000000|CARGO POR PAGO CONCENTRACION|503|8846|$0.00|$74,241.58|$204,701.31|105005|BEM INFONACOT       0000000000000000007020019702520170301997, AL RFC IFN060425C53, RAS 88467096984181004102  FAC 004102
0559478361|06/04/2017|06/04/2017|0000060417|TRANSF ELECTRONICA FONDOS: TEF|503|8846|$0.00|$8,534.27|$196,167.04|105006|CLABE: 012180001321473948, BEM TEF.BCO:012  SEGUROS MONTERREY NEW YORK LI, CVE.RASTREO:0848300 RFC: SMN930802FN9   IVA:00000000.00, SEGURO VIDA MARZO 2017 GAS METROPOLITANO
0559478361|06/04/2017|06/04/2017|0000000000|Comision x Internet 060417|727|8846|$0.00|$3.00|$196,164.04|105007|Transferencias TEF
0559478361|06/04/2017|06/04/2017|0000000000|IVA Com  x Internet 060417|517|8846|$0.00|$0.48|$196,163.56|105008|Transferencias TEF
0559478361|06/04/2017|06/04/2017|0000000001|DEPOSITO DE CUENTA DE TERCEROS|263|7875|$7,833.15|$0.00|$203,996.71|105009|DE LA CUENTA 0241156227, PAGO 2FAC 25 Y 29
0559478361|06/04/2017|06/04/2017|0000060417|DEPOSITO DE CUENTA DE TERCEROS|263|7279|$3,214.53|$0.00|$207,211.24|105010|DE LA CUENTA 0257096490, pago 2fac 25 y 29
0559478361|06/04/2017|06/04/2017|0000060417|DEPOSITO DE CUENTA DE TERCEROS|263|7279|$17,995.94|$0.00|$225,207.18|105011|DE LA CUENTA 0487719680, Pago de Gas
0559478361|06/04/2017|06/04/2017|0006042017|DEPOSITO DE CUENTA PROPIA|262|8846|$1,095,000.00|$0.00|$1,320,207.18|105012|DE LA CUENTA 0004686365, TRASPASO PRESUPUESTO NOMINA
0559478361|06/04/2017|06/04/2017|0000060417|DEPOSITO DE CUENTA DE TERCEROS|263|7875|$4,884.30|$0.00|$1,325,091.48|105013|DE LA CUENTA 0222901640, PAGO GAS 06 ABRIL 2017 SR. JUAREZ
0559478361|06/04/2017|06/04/2017|0000011111|DEPOSITO DE CUENTA DE TERCEROS|263|8846|$2,916.35|$0.00|$1,328,007.83|105014|DE LA CUENTA 0693296302, PAGO FACTURA NO.  SJGE 929440
0559478361|06/04/2017|06/04/2017|0000060417|DEPOSITO DE CUENTA DE TERCEROS|263|8846|$14,021.10|$0.00|$1,342,028.93|105015|DE LA CUENTA 0811705260, F-SJGE932893 Y F-SJGE934473
0559478361|06/04/2017|06/04/2017|2636630000|DEPOSITO DE CUENTA DE TERCEROS|263|8846|$64,224.90|$0.00|$1,406,253.83|105016|DE LA CUENTA 0614638952, GL263663 GAS METROPOLITANO SA
0559478361|06/04/2017|06/04/2017|0000000000|2017040640014 TCT0000483136350|003|5663|$180,000.71|$0.00|$1,586,254.54|105017|SPEI RECIBIDO DEL BANCO 0014 SANTANDER, DEL CLIENTE GAS O LENA SA DE CV, DE LA CLABE 014261655041710474   CON RFC ND, CONCEPTO: 31685, REFERENCIA: 0000001 CVE RAST: 2017040640014 TCT0000483136350
0559478361|06/04/2017|06/04/2017|0000000000|RETIRO DEP ELECTRONICO|515|0373|$0.00|$1,094,734.90|$491,519.64|105018|DE LA EMISORA : 16924
0559478361|07/04/2017|07/04/2017|0000012269|CHEQ CA0012269|512|0316|$0.00|$13,358.44|$478,161.20|105019|NWM9709244W4
0559478361|07/04/2017|07/04/2017|0000000000|0170406CARGO DOMICILIACION|503|0373|$0.00|$181.58|$477,979.62|105020|CGO DOMICILIACION:SODEXO MOTIVATION SOLUTIONS, LEYENDA: Sodexo, REF SERV EMISOR:217148, CVE DE RASTREO:00249011447002017-04-060032842 REF:0170406, RFC PME811211B20   IVA:           0.00
0559478361|07/04/2017|07/04/2017|0000000000|002601001704070000037936|003|5663|$3,817.76|$0.00|$481,797.38|105021|SPEI RECIBIDO DEL BANCO 0012 BBVA BANCOMER, DEL CLIENTE DR JOSE POLAK SA DE CV, DE LA CLABE 012180004433444529   CON RFC DJP850125B51, CONCEPTO: 0000101151, REFERENCIA: 0101151 CVE RAST: 002601001704070000037936
0559478361|07/04/2017|07/04/2017|0000012271|CHEQUE 0012271|508|0004|$0.00|$52,416.12|$429,381.26|105022|
0559478361|07/04/2017|07/04/2017|0000012270|CHEQUE 0012270|508|0004|$0.00|$14,934.68|$414,446.58|105023|
0559478361|07/04/2017|07/04/2017|0000000000|HSBC025189|003|5663|$65,478.34|$0.00|$479,924.92|105024|SPEI RECIBIDO DEL BANCO 0021 HSBC, DEL CLIENTE MANIOBRAS Y CONSOLIDACION  S A  DE, DE LA CLABE 021180040300829112   CON RFC MCO050418MH3, CONCEPTO: PAGO F SJCM4231, REFERENCIA: 1170407 CVE RAST: HSBC025189
0559478361|07/04/2017|07/04/2017|0000070417|DEPOSITO DE CUENTA PROPIA|262|8846|$1,100,000.00|$0.00|$1,579,924.92|105025|DE LA CUENTA 0004686365, TRASPASO PRESUPUESTO PROVEEDOR
0559478361|07/04/2017|07/04/2017|0000070417|0891517CARGO TRANSFERENCIA ELE|503|4264|$0.00|$1,249.00|$1,578,675.92|105026|CTA/CLABE: 021180063968918170, CB TEF, BCO 021,BENEFICIARIO PEREZ SOSA JOSE LUIS, CVE RASTREO:    0891517 RFC: PESL700821BG7, AL R.F.C.                IVA:00000000.00, TERCEROS
0559478361|07/04/2017|07/04/2017|0000070417|COM OPER INET|726|4264|$0.00|$3.00|$1,578,672.92|105027|Operacion Conexion Banorte
0559478361|07/04/2017|07/04/2017|0000070417|I.V.A.|517|4264|$0.00|$0.48|$1,578,672.44|105028|Operacion Conexion Banorte
0559478361|07/04/2017|07/04/2017|0000070417|0891518CARGO TRANSFERENCIA ELE|503|4264|$0.00|$243.15|$1,578,429.29|105029|CTA/CLABE: 044180001059177526, CB TEF, BCO 044,BENEFICIARIO HOFFMAN ARIAS FRANZ CARL, CVE RASTREO:    0891518 RFC: HOAF6811092N1, AL R.F.C.                IVA:00000000.00, TERCEROS
0559478361|07/04/2017|07/04/2017|0000070417|COM OPER INET|726|4264|$0.00|$3.00|$1,578,426.29|105030|Operacion Conexion Banorte
0559478361|07/04/2017|07/04/2017|0000070417|I.V.A.|517|4264|$0.00|$0.48|$1,578,425.81|105031|Operacion Conexion Banorte
0559478361|07/04/2017|07/04/2017|0000070417|TRASPASO  A CTA :   0416306718|504|4264|$0.00|$500.00|$1,577,925.81|105032|IVA:00000000.65    ,A CUENTA   0416306718, TERCEROS AL R.F.C. OHP150601HX5
0559478361|07/04/2017|07/04/2017|0000070417|COM OPER INET|726|4264|$0.00|$3.00|$1,577,922.81|105033|Operacion Conexion Banorte
0559478361|07/04/2017|07/04/2017|0000070417|I.V.A.|517|4264|$0.00|$0.48|$1,577,922.33|105034|Operacion Conexion Banorte
0559478361|07/04/2017|07/04/2017|0000070417|0891519CARGO TRANSFERENCIA ELE|503|4264|$0.00|$1,361.94|$1,576,560.39|105035|CTA/CLABE: 021180061270168801, CB TEF, BCO 021,BENEFICIARIO TRUJILLO GONZALEZ BLANCA SOLED, CVE RASTREO:    0891519 RFC: TRGB820911C15, AL R.F.C.                IVA:00000000.00, TERCEROS
0559478361|07/04/2017|07/04/2017|0000070417|COM OPER INET|726|4264|$0.00|$3.00|$1,576,557.39|105036|Operacion Conexion Banorte
0559478361|07/04/2017|07/04/2017|0000070417|I.V.A.|517|4264|$0.00|$0.48|$1,576,556.91|105037|Operacion Conexion Banorte
0559478361|07/04/2017|07/04/2017|0000070417|TRASPASO  A CTA :   0421642652|504|4264|$0.00|$558.73|$1,575,998.18|105038|IVA:00000000.72    ,A CUENTA   0421642652, TERCEROS AL R.F.C. CORL850930787
0559478361|07/04/2017|07/04/2017|0000070417|COM OPER INET|726|4264|$0.00|$3.00|$1,575,995.18|105039|Operacion Conexion Banorte
0559478361|07/04/2017|07/04/2017|0000070417|I.V.A.|517|4264|$0.00|$0.48|$1,575,994.70|105040|Operacion Conexion Banorte
0559478361|07/04/2017|07/04/2017|0000070417|TRASPASO  A CTA :   0407646935|504|4264|$0.00|$605.38|$1,575,389.32|105041|IVA:00000000.78    ,A CUENTA   0407646935, TERCEROS AL R.F.C. ROGN810109QX1
0559478361|07/04/2017|07/04/2017|0000070417|COM OPER INET|726|4264|$0.00|$3.00|$1,575,386.32|105042|Operacion Conexion Banorte
0559478361|07/04/2017|07/04/2017|0000070417|I.V.A.|517|4264|$0.00|$0.48|$1,575,385.84|105043|Operacion Conexion Banorte
0559478361|07/04/2017|07/04/2017|0000070417|TRASPASO  A CTA :   0213504740|504|4264|$0.00|$76,462.56|$1,498,923.28|105044|IVA:00000085.97    ,A CUENTA   0213504740, A1292A1293 AL R.F.C. GSA130705HU9
0559478361|07/04/2017|07/04/2017|0000070417|COM OPER INET|726|4264|$0.00|$3.00|$1,498,920.28|105045|Operacion Conexion Banorte
0559478361|07/04/2017|07/04/2017|0000070417|I.V.A.|517|4264|$0.00|$0.48|$1,498,919.80|105046|Operacion Conexion Banorte
0559478361|07/04/2017|07/04/2017|0000070417|TRASPASO  A CTA :   0848957908|504|4264|$0.00|$176,079.11|$1,322,840.69|105047|IVA:00000167.24    ,A CUENTA   0848957908, TERCEROS AL R.F.C. TAR1206259Q5
0559478361|07/04/2017|07/04/2017|0000070417|COM OPER INET|726|4264|$0.00|$3.00|$1,322,837.69|105048|Operacion Conexion Banorte
0559478361|07/04/2017|07/04/2017|0000070417|I.V.A.|517|4264|$0.00|$0.48|$1,322,837.21|105049|Operacion Conexion Banorte
0559478361|07/04/2017|07/04/2017|0000070417|0891520CARGO TRANSFERENCIA ELE|503|4264|$0.00|$377.87|$1,322,459.34|105050|CTA/CLABE: 021180063898342793, CB TEF, BCO 021,BENEFICIARIO CABRERA MORENO CLAUDIA KARINA, CVE RASTREO:    0891520 RFC: CAMC830213Z21, AL R.F.C.                IVA:00000000.00, TERCEROS
0559478361|07/04/2017|07/04/2017|0000070417|COM OPER INET|726|4264|$0.00|$3.00|$1,322,456.34|105051|Operacion Conexion Banorte
0559478361|07/04/2017|07/04/2017|0000070417|I.V.A.|517|4264|$0.00|$0.48|$1,322,455.86|105052|Operacion Conexion Banorte
0559478361|07/04/2017|07/04/2017|0000070417|0891521CARGO TRANSFERENCIA ELE|503|4264|$0.00|$140,277.69|$1,182,178.17|105053|CTA/CLABE: 002180021809559604, CB TEF, BCO 002,BENEFICIARIO PEREDA GARCIA ANAMELY, CVE RASTREO:    0891521 RFC: PEGA610101UZ4, AL R.F.C.                IVA:00000000.00, TERCEROS
0559478361|07/04/2017|07/04/2017|0000070417|COM OPER INET|726|4264|$0.00|$3.00|$1,182,175.17|105054|Operacion Conexion Banorte
0559478361|07/04/2017|07/04/2017|0000070417|I.V.A.|517|4264|$0.00|$0.48|$1,182,174.69|105055|Operacion Conexion Banorte
0559478361|07/04/2017|07/04/2017|0000070417|0891522CARGO TRANSFERENCIA ELE|503|4264|$0.00|$439.39|$1,181,735.30|105056|CTA/CLABE: 002180476400151247, CB TEF, BCO 002,BENEFICIARIO ZOZALLAS PANTOJA MARIA DE LA L, CVE RASTREO:    0891522 RFC: ZOPM750505F5, AL R.F.C.                IVA:00000000.00, TERCEROS
0559478361|07/04/2017|07/04/2017|0000070417|COM OPER INET|726|4264|$0.00|$3.00|$1,181,732.30|105057|Operacion Conexion Banorte
0559478361|07/04/2017|07/04/2017|0000070417|I.V.A.|517|4264|$0.00|$0.48|$1,181,731.82|105058|Operacion Conexion Banorte
0559478361|07/04/2017|07/04/2017|0000070417|TRASPASO  A CTA :   0826648642|504|4264|$0.00|$637.69|$1,181,094.13|105059|IVA:00000000.83    ,A CUENTA   0826648642, TERCEROS AL R.F.C. REIT740513R33
0559478361|07/04/2017|07/04/2017|0000070417|COM OPER INET|726|4264|$0.00|$3.00|$1,181,091.13|105060|Operacion Conexion Banorte
0559478361|07/04/2017|07/04/2017|0000070417|I.V.A.|517|4264|$0.00|$0.48|$1,181,090.65|105061|Operacion Conexion Banorte
0559478361|07/04/2017|07/04/2017|0000070417|TRASPASO  A CTA :   0828338116|504|4264|$0.00|$393.99|$1,180,696.66|105062|IVA:00000000.51    ,A CUENTA   0828338116, TERCEROS AL R.F.C. SEPI780206B70
0559478361|07/04/2017|07/04/2017|0000070417|COM OPER INET|726|4264|$0.00|$3.00|$1,180,693.66|105063|Operacion Conexion Banorte
0559478361|07/04/2017|07/04/2017|0000070417|I.V.A.|517|4264|$0.00|$0.48|$1,180,693.18|105064|Operacion Conexion Banorte
0559478361|07/04/2017|07/04/2017|0000070417|TRASPASO  A CTA :   0435190879|504|4264|$0.00|$201,446.15|$979,247.03|105065|IVA:00000262.75    ,A CUENTA   0435190879, TERCEROS AL R.F.C. CAAF660605CM7
0559478361|07/04/2017|07/04/2017|0000070417|COM OPER INET|726|4264|$0.00|$3.00|$979,244.03|105066|Operacion Conexion Banorte
0559478361|07/04/2017|07/04/2017|0000070417|I.V.A.|517|4264|$0.00|$0.48|$979,243.55|105067|Operacion Conexion Banorte
0559478361|07/04/2017|07/04/2017|0000070417|TRASPASO  A CTA :   0877594965|504|4264|$0.00|$648.98|$978,594.57|105068|IVA:00000000.84    ,A CUENTA   0877594965, TERCEROS AL R.F.C. LIAM780831TM8
0559478361|07/04/2017|07/04/2017|0000070417|COM OPER INET|726|4264|$0.00|$3.00|$978,591.57|105069|Operacion Conexion Banorte
0559478361|07/04/2017|07/04/2017|0000070417|I.V.A.|517|4264|$0.00|$0.48|$978,591.09|105070|Operacion Conexion Banorte
0559478361|07/04/2017|07/04/2017|0000070417|TRASPASO  A CTA :   0527306623|504|4264|$0.00|$136,007.52|$842,583.57|105071|IVA:00000177.40    ,A CUENTA   0527306623, TERCEROS AL R.F.C. GME540707CD1
0559478361|07/04/2017|07/04/2017|0000070417|COM OPER INET|726|4264|$0.00|$3.00|$842,580.57|105072|Operacion Conexion Banorte
0559478361|07/04/2017|07/04/2017|0000070417|I.V.A.|517|4264|$0.00|$0.48|$842,580.09|105073|Operacion Conexion Banorte
0559478361|07/04/2017|07/04/2017|0000070417|TRASPASO  A CTA :   0004686365|504|4264|$0.00|$22,569.69|$820,010.40|105074|IVA:00000029.43    ,A CUENTA   0004686365, TERCEROS AL R.F.C. GME540707CD1
0559478361|07/04/2017|07/04/2017|0000070417|COM OPER INET|726|4264|$0.00|$3.00|$820,007.40|105075|Operacion Conexion Banorte
0559478361|07/04/2017|07/04/2017|0000070417|I.V.A.|517|4264|$0.00|$0.48|$820,006.92|105076|Operacion Conexion Banorte
0559478361|07/04/2017|07/04/2017|0000000000|CARGO POR PAGO CONCENTRACION|503|8846|$0.00|$276,526.00|$543,480.92|105077|BEM GOBIERNO DEL ED 0000000000000101001000010538171330856208, AL RFC GEM850101BJ3, RAS 88467097156675062251  FAC 062251
0559478361|07/04/2017|07/04/2017|0000000000|3573873850|003|5663|$3,098.72|$0.00|$546,579.64|105078|SPEI RECIBIDO DEL BANCO 0044 SCOTIABANK, DEL CLIENTE SERVICIOS DE ADMINISTRACION DE, DE LA CLABE 044180001065605105   CON RFC SAC080418U42, CONCEPTO: Consumo de Gas Febrero Laredo 17, REFERENCIA: 9876543 CVE RAST: 3573873850
0559478361|07/04/2017|07/04/2017|0000000000|3573874091|003|5663|$4,023.20|$0.00|$550,602.84|105079|SPEI RECIBIDO DEL BANCO 0044 SCOTIABANK, DEL CLIENTE SERVICIOS DE ADMINISTRACION DE, DE LA CLABE 044180001065605105   CON RFC SAC080418U42, CONCEPTO: Consumo de gas Laredo 17 Febrero, REFERENCIA: 0876543 CVE RAST: 3573874091
0559478361|07/04/2017|07/04/2017|0000000000|3573874360|003|5663|$8,560.00|$0.00|$559,162.84|105080|SPEI RECIBIDO DEL BANCO 0044 SCOTIABANK, DEL CLIENTE SERVICIOS DE ADMINISTRACION DE, DE LA CLABE 044180001065605105   CON RFC SAC080418U42, CONCEPTO: Consumo de gas Merida 49 Febrero, REFERENCIA: 0765432 CVE RAST: 3573874360
0559478361|07/04/2017|07/04/2017|0000004856|COMPRA ORDEN DE PAGO SPEI|511|8846|$0.00|$317,453.68|$241,709.16|105081|= REFERENCIA  CTA/CLABE: 014180655026013015, BEM SPEI, BCO:014 BENEFICIARIO:CONSORCIO GASOLINERO PLUS SA, C4856 DIESEL ATQS FACT GI 302442, CVE RASTREO: 8846APAB201704070438644006 RFC: CGP970522EE4, IVA: 000000042963.76 SANTANDER
0559478361|07/04/2017|07/04/2017|0000000000|COMISION ORDEN DE PAGO SPEI|537|8846|$0.00|$8.90|$241,700.26|105082|REFERENCIA: 0004856
0559478361|07/04/2017|07/04/2017|0000000000|I.V.A. ORDEN DE PAGO SPEI|517|8846|$0.00|$1.42|$241,698.84|105083|REFERENCIA: 0004856
0559478361|07/04/2017|07/04/2017|0000000000|3573874606|003|5663|$7,704.00|$0.00|$249,402.84|105084|SPEI RECIBIDO DEL BANCO 0044 SCOTIABANK, DEL CLIENTE SERVICIOS DE ADMINISTRACION DE, DE LA CLABE 044180001065605105   CON RFC SAC080418U42, CONCEPTO: Consumo de gas Puebla 256 Febrero, REFERENCIA: 5432198 CVE RAST: 3573874606
0559478361|07/04/2017|07/04/2017|0000000000|2017040740014 TCT0000488278950|003|5663|$182,147.10|$0.00|$431,549.94|105085|SPEI RECIBIDO DEL BANCO 0014 SANTANDER, DEL CLIENTE GAS O LENA SA DE CV, DE LA CLABE 014261655041710474   CON RFC ND, CONCEPTO: 31686, REFERENCIA: 0000001 CVE RAST: 2017040740014 TCT0000488278950
0559478361|07/04/2017|07/04/2017|0000000001|DEPOSITO DE CUENTA DE TERCEROS|263|8846|$2,316.60|$0.00|$433,866.54|105086|DE LA CUENTA 0220067083, 502725269
0559478361|07/04/2017|07/04/2017|0000000001|DEPOSITO DE CUENTA DE TERCEROS|263|8846|$1,036.80|$0.00|$434,903.34|105087|DE LA CUENTA 0220067083, 502725252
0559478361|07/04/2017|07/04/2017|0000070417|DEPOSITO DE CUENTA DE TERCEROS|263|8846|$20,497.95|$0.00|$455,401.29|105088|DE LA CUENTA 0587447089, anticipo de instalacion medidores
0559478361|07/04/2017|07/04/2017|0000000000|HSBC064939|003|5663|$93,301.88|$0.00|$548,703.17|105089|SPEI RECIBIDO DEL BANCO 0021 HSBC, DEL CLIENTE BANK OF AMERICA MEXICO S A, DE LA CLABE 021180040231072384   CON RFC LPA920529PD1, CONCEPTO: 14202401420240, REFERENCIA: 1266307 CVE RAST: HSBC064939
0559478361|07/04/2017|07/04/2017|0000000001|DEPOSITO DE CUENTA DE TERCEROS|263|8846|$199,988.39|$0.00|$748,691.56|105090|DE LA CUENTA 0403127940, COMPRA DE GAS METRO
0559478361|07/04/2017|07/04/2017|0000000001|DEPOSITO DE CUENTA DE TERCEROS|263|8846|$193,062.58|$0.00|$941,754.14|105091|DE LA CUENTA 0403127940, COMPRA DE GAS METRO
0559478361|07/04/2017|07/04/2017|0000000001|DEPOSITO DE CUENTA DE TERCEROS|263|8846|$231,594.23|$0.00|$1,173,348.37|105092|DE LA CUENTA 0403127940, COMPRA DE GAS METRO
0559478361|07/04/2017|07/04/2017|0000000000|IACH2M0E82WQZI|003|5663|$4,485.44|$0.00|$1,177,833.81|105093|SPEI RECIBIDO DEL BANCO 0110 JP MORGAN, DEL CLIENTE Universidad Latinoamericana  S C, DE LA CLABE 110180000776438758   CON RFC ULA751222J13, CONCEPTO: 100644, REFERENCIA: 0002015 CVE RAST: IACH2M0E82WQZI
0559478361|07/04/2017|07/04/2017|0000070417|TRASPASO A CUENTA DE TERCEROS|791|8846|$0.00|$5,110.90|$1,172,722.91|105094|IVA:00000704.95    , A LA CUENTA: 0684005286, PAGO PREFACTURA 24590 AL R.F.C. AUT661101NZ5
0559478361|07/04/2017|07/04/2017|0000070417|TRASPASO A CUENTA DE TERCEROS|791|8846|$0.00|$47,538.09|$1,125,184.82|105095|IVA:00006556.98    , A LA CUENTA: 0441840214, FACT 0881 AL R.F.C. BAHM721221NN5
0559478361|07/04/2017|07/04/2017|0000000000|Comision x Internet 070417|726|8846|$0.00|$3.00|$1,125,181.82|105096|Transferencias Tercero Banorte
0559478361|07/04/2017|07/04/2017|0000000000|IVA Com  x Internet 070417|517|8846|$0.00|$0.48|$1,125,181.34|105097|Transferencias Tercero Banorte
0559478361|07/04/2017|07/04/2017|0000000000|Comision x Internet 070417|726|8846|$0.00|$3.00|$1,125,178.34|105098|Transferencias Tercero Banorte
0559478361|07/04/2017|07/04/2017|0000000000|IVA Com  x Internet 070417|517|8846|$0.00|$0.48|$1,125,177.86|105099|Transferencias Tercero Banorte
0559478361|07/04/2017|07/04/2017|0000070417|TRASPASO A CUENTA DE TERCEROS|791|8846|$0.00|$491.06|$1,124,686.80|105100|IVA:00000000.00    , A LA CUENTA: 0809024539, PENSION ALIMENTICIA SEM 14 AL R.F.C. MIRI690210RU8
0559478361|07/04/2017|07/04/2017|0000000000|Comision x Internet 070417|726|8846|$0.00|$3.00|$1,124,683.80|105101|Transferencias Tercero Banorte
0559478361|07/04/2017|07/04/2017|0000000000|IVA Com  x Internet 070417|517|8846|$0.00|$0.48|$1,124,683.32|105102|Transferencias Tercero Banorte
0559478361|07/04/2017|07/04/2017|0000070417|TRANSF ELECTRONICA FONDOS: TEF|503|8846|$0.00|$560.28|$1,124,123.04|105103|CLABE: 127180013417774625, BEM TEF.BCO:127  ERENDIRA RANGEL ROMO, CVE.RASTREO:0903602 RFC: RARE010101010  IVA:00000000.00, PENSION ALIMENTICIA SEM 14
0559478361|07/04/2017|07/04/2017|0000000000|Comision x Internet 070417|727|8846|$0.00|$3.00|$1,124,120.04|105104|Transferencias TEF
0559478361|07/04/2017|07/04/2017|0000000000|IVA Com  x Internet 070417|517|8846|$0.00|$0.48|$1,124,119.56|105105|Transferencias TEF
0559478361|08/04/2017|10/04/2017|0000012273|CHEQ CA0012273|512|0316|$0.00|$2,311.20|$1,121,808.36|105106|SEVR6805086J6
0559478361|08/04/2017|10/04/2017|0000000000|7859222105319|003|4052|$7,025.15|$0.00|$1,128,833.51|105107|TEF BCO:106  BPI DISTRIBUTION MEXICO SA DE, CTA/CLABE 106180000141230113 105319, CVE.RASTREO:097GGM69   105319, RFC:AME111202BT2   IVA:000000000000000
0559478361|08/04/2017|10/04/2017|0000000000|7859298105392|003|4052|$63,935.50|$0.00|$1,192,769.01|105108|TEF BCO:106  LE316 AEMSA AUTO ELECTRICOS D, CTA/CLABE 106180000141240271 105392, CVE.RASTREO:097GGN43   105392, RFC:AEM691105EI9   IVA:000000000000000
0559478361|08/04/2017|10/04/2017|0000000000|7862011105496|003|4052|$169,433.67|$0.00|$1,362,202.68|105109|TEF BCO:106  LE316 AEMSA AUTO ELECTRICOS D, CTA/CLABE 106180000141240190 105496, CVE.RASTREO:097GHJ10   105496, RFC:AEM691105EI9   IVA:000000000000000
0559478361|08/04/2017|10/04/2017|0000000000|CARGO POR PAGO CONCENTRACION|503|8846|$0.00|$4,270.00|$1,357,932.68|105110|BEM GOBIERNO DEL ES 0000000000000102000000010541090730989297, AL RFC GEM850101BJ3, RAS 88467100245783031681  FAC 031681
0559478361|08/04/2017|10/04/2017|0000000000|CARGO POR PAGO CONCENTRACION|503|8846|$0.00|$4,270.00|$1,353,662.68|105111|BEM GOBIERNO DEL ES 0000000000000102000000010541037430989263, AL RFC GEM850101BJ3, RAS 88467100245784031681  FAC 031681
0559478361|10/04/2017|10/04/2017|0000004856|COMPRA ORDEN DE PAGO SPEI|511|8846|$0.00|$118,046.95|$1,235,615.73|105112|= REFERENCIA  CTA/CLABE: 014180655026013015, BEM SPEI, BCO:014 BENEFICIARIO:CONSORCIO GASOLINERO PLUS SA, C4856 DIESEL ATQS FACT GI 302434, CVE RASTREO: 8846CAP1201704100439064124 RFC: CGP970522EE4, IVA: 000000015975.89 SANTANDER
0559478361|10/04/2017|10/04/2017|0000000000|COMISION ORDEN DE PAGO SPEI|537|8846|$0.00|$8.90|$1,235,606.83|105113|REFERENCIA: 0004856
0559478361|10/04/2017|10/04/2017|0000000000|I.V.A. ORDEN DE PAGO SPEI|517|8846|$0.00|$1.42|$1,235,605.41|105114|REFERENCIA: 0004856
0559478361|10/04/2017|10/04/2017|0000000000|CARGO POR PAGO CONCENTRACION|503|8846|$0.00|$25,773.00|$1,209,832.41|105115|BEM COMISION FEDERA 0000000000015158607012941704140000257731, AL RFC CSS160330CP7, RAS 88467100031142088924  FAC 088924
0559478361|10/04/2017|10/04/2017|0000000000|CARGO POR PAGO CONCENTRACION|503|8846|$0.00|$153,615.00|$1,056,217.41|105116|BEM COMISION FEDERA 0000000000015731602052531704130001536155, AL RFC CSS160330CP7, RAS 88467100033802088924  FAC 088924
0559478361|10/04/2017|10/04/2017|0000000000|CARGO POR PAGO CONCENTRACION|503|8846|$0.00|$6,343.00|$1,049,874.41|105117|BEM COMISION FEDERA 0000000000015150508023111704140000063430, AL RFC CSS160330CP7, RAS 88467100033804088924  FAC 088924
0559478361|10/04/2017|10/04/2017|0000100417|TRANSF ELECTRONICA FONDOS: TEF|503|8846|$0.00|$101.64|$1,049,772.77|105118|CLABE: 012180001975077208, BEM TEF.BCO:012  EDUARDO CESAR LUPERCIO CASTIL, CVE.RASTREO:0913863 RFC: LUCE730318P23  IVA:00000000.00, SEM 13 Y 14
0559478361|10/04/2017|10/04/2017|0000000000|Comision x Internet 100417|727|8846|$0.00|$3.00|$1,049,769.77|105119|Transferencias TEF
0559478361|10/04/2017|10/04/2017|0000000000|IVA Com  x Internet 100417|517|8846|$0.00|$0.48|$1,049,769.29|105120|Transferencias TEF
0559478361|10/04/2017|10/04/2017|0000000000|CARGO POR PAGO CONCENTRACION|503|8846|$0.00|$6,135.00|$1,043,634.29|105121|BEM AMERICAN EXPRES 376689269281008, AL RFC AEC810901298, RAS 88467100366469002230  FAC 002230
0559478361|10/04/2017|10/04/2017|0000000000|CARGO POR PAGO CONCENTRACION|503|8846|$0.00|$158,381.58|$885,252.71|105122|BEM AMERICAN EXPRES 376680518281006, AL RFC AEC810901298, RAS 88467100366470002230  FAC 002230
0559478361|10/04/2017|10/04/2017|0000000000|036INBU1004201725810912|003|5663|$56,196.57|$0.00|$941,449.28|105123|SPEI RECIBIDO DEL BANCO 0036 INBURSA, DEL CLIENTE ALQUILADORA DE CASAS  S A  DE C V, DE LA CLABE 036180110039500106   CON RFC ACA431007V69, CONCEPTO: ALCA, REFERENCIA: 0170410 CVE RAST: 036INBU1004201725810912
0559478361|10/04/2017|10/04/2017|0000050417|DEPOSITO DE CUENTA DE TERCEROS|263|8846|$1,458.00|$0.00|$942,907.28|105124|DE LA CUENTA 0203534542, PAGO FAC SJGE 935621
0559478361|10/04/2017|10/04/2017|0000000000|CARGO POR PAGO CONCENTRACION|503|8846|$0.00|$3,624.43|$939,282.85|105125|BEM INTERCAM BANCO  0000000000000000000000000000000107111049, AL RFC IBI061030GD4, RAS 88467100383870002621  FAC 002621
0559478361|10/04/2017|10/04/2017|0000100417|TRANSF ELECTRONICA FONDOS: TEF|503|8846|$0.00|$2,856.20|$936,426.65|105126|CLABE: 012320001675058099, BEM TEF.BCO:012  VEGA DIRECCIONADORES  DE MEDI, CVE.RASTREO:0921700 RFC: VDM090716QM0   IVA:00000393.96, FACT 6507
0559478361|10/04/2017|10/04/2017|0000000000|Comision x Internet 100417|727|8846|$0.00|$3.00|$936,423.65|105127|Transferencias TEF
0559478361|10/04/2017|10/04/2017|0000000000|IVA Com  x Internet 100417|517|8846|$0.00|$0.48|$936,423.17|105128|Transferencias TEF
0559478361|10/04/2017|10/04/2017|0000012272|CHEQUE 0012272|508|0004|$0.00|$2,904.50|$933,518.67|105129|
0559478361|10/04/2017|10/04/2017|0000000000|DEPOSITO CHQ.BANORTE 0000246|080|2004|$10,516.50|$0.00|$944,035.17|105130|DEPOSITO DE LA CUENTA : 0457098276
0559478361|10/04/2017|10/04/2017|0000000000|DEPOSITO CHQ.BANORTE 0000245|080|2004|$11,061.80|$0.00|$955,096.97|105131|DEPOSITO DE LA CUENTA : 0457098276
0559478361|10/04/2017|10/04/2017|0502698050|DEPOSITO DE CUENTA DE TERCEROS|263|8846|$923.40|$0.00|$956,020.37|105132|DE LA CUENTA 0504661435, CONSUMO 502698050 DUBBING DE MEXICO
0559478361|10/04/2017|10/04/2017|0000000000|CARGO POR PAGO CONCENTRACION|503|8846|$0.00|$1,826.85|$954,193.52|105133|BEM AT T COMUNICACI 0000000000000000000000000000000093993459, AL RFC CNM980114PI2, RAS 88467100435895006936  FAC 006936
0559478361|10/04/2017|10/04/2017|0000100417|DEPOSITO DE CUENTA DE TERCEROS|263|4880|$2,088.45|$0.00|$956,281.97|105134|DE LA CUENTA 0229242481, factura pendiente
0559478361|10/04/2017|10/04/2017|0000000000|2017041040014 TCT0000494522550|003|5663|$178,731.78|$0.00|$1,135,013.75|105135|SPEI RECIBIDO DEL BANCO 0014 SANTANDER, DEL CLIENTE GAS O LENA SA DE CV, DE LA CLABE 014261655041710474   CON RFC ND, CONCEPTO: 31981, REFERENCIA: 0000001 CVE RAST: 2017041040014 TCT0000494522550
0559478361|10/04/2017|10/04/2017|0000100417|0930968CARGO TRANSFERENCIA ELE|503|4264|$0.00|$63,869.91|$1,071,143.84|105136|CTA/CLABE: 012933001981448269, CB TEF, BCO 012,BENEFICIARIO TRANSPORTES CEGU SA DE CV, CVE RASTREO:    0930968 RFC: TCE0612186Z2, AL R.F.C.                IVA:00000000.00, TERCEROS
0559478361|10/04/2017|10/04/2017|0000100417|COM OPER INET|726|4264|$0.00|$3.00|$1,071,140.84|105137|Operacion Conexion Banorte
0559478361|10/04/2017|10/04/2017|0000100417|I.V.A.|517|4264|$0.00|$0.48|$1,071,140.36|105138|Operacion Conexion Banorte
0559478361|10/04/2017|10/04/2017|0000100417|0930969CARGO TRANSFERENCIA ELE|503|4264|$0.00|$57,087.09|$1,014,053.27|105139|CTA/CLABE: 014261655044574785, CB TEF, BCO 014,BENEFICIARIO JF TRANSPORTES SA DE CV, CVE RASTREO:    0930969 RFC: JTR140311KJ0, AL R.F.C.                IVA:00000000.00, TERCEROS
0559478361|10/04/2017|10/04/2017|0000100417|COM OPER INET|726|4264|$0.00|$3.00|$1,014,050.27|105140|Operacion Conexion Banorte
0559478361|10/04/2017|10/04/2017|0000100417|I.V.A.|517|4264|$0.00|$0.48|$1,014,049.79|105141|Operacion Conexion Banorte
0559478361|10/04/2017|10/04/2017|0000100417|0930971CARGO TRANSFERENCIA ELE|503|4264|$0.00|$97,084.25|$916,965.54|105142|CTA/CLABE: 014261655042010704, CB TEF, BCO 014,BENEFICIARIO TRANSPORTADORA EFIKA SA DE CV, CVE RASTREO:    0930971 RFC: TEF140104N77, AL R.F.C.                IVA:00000000.00, TERCEROS
0559478361|10/04/2017|10/04/2017|0000100417|COM OPER INET|726|4264|$0.00|$3.00|$916,962.54|105143|Operacion Conexion Banorte
0559478361|10/04/2017|10/04/2017|0000100417|I.V.A.|517|4264|$0.00|$0.48|$916,962.06|105144|Operacion Conexion Banorte
0559478361|10/04/2017|10/04/2017|0000100417|0930972CARGO TRANSFERENCIA ELE|503|4264|$0.00|$118,768.27|$798,193.79|105145|CTA/CLABE: 058580460063900136, CB TEF, BCO 058,BENEFICIARIO TRANSPORTES MIGAR SA DE CV, CVE RASTREO:    0930972 RFC: TMI9207151E5, AL R.F.C.                IVA:00000000.00, TERCEROS
0559478361|10/04/2017|10/04/2017|0000100417|COM OPER INET|726|4264|$0.00|$3.00|$798,190.79|105146|Operacion Conexion Banorte
0559478361|10/04/2017|10/04/2017|0000100417|I.V.A.|517|4264|$0.00|$0.48|$798,190.31|105147|Operacion Conexion Banorte
0559478361|10/04/2017|10/04/2017|0000100417|0930973CARGO TRANSFERENCIA ELE|503|4264|$0.00|$34,887.11|$763,303.20|105148|CTA/CLABE: 002180057485559296, CB TEF, BCO 002,BENEFICIARIO FORMAS COMPUTABLES DEL BAJIO S, CVE RASTREO:    0930973 RFC: FCB010822J35, AL R.F.C.                IVA:00000000.00, A3837
0559478361|10/04/2017|10/04/2017|0000100417|COM OPER INET|726|4264|$0.00|$3.00|$763,300.20|105149|Operacion Conexion Banorte
0559478361|10/04/2017|10/04/2017|0000100417|I.V.A.|517|4264|$0.00|$0.48|$763,299.72|105150|Operacion Conexion Banorte
0559478361|10/04/2017|10/04/2017|0000100417|0930974CARGO TRANSFERENCIA ELE|503|4264|$0.00|$174,001.60|$589,298.12|105151|CTA/CLABE: 002180021809559604, CB TEF, BCO 002,BENEFICIARIO PEREDA GARCIA ANAMELY, CVE RASTREO:    0930974 RFC: PEGA610101UZ4, AL R.F.C.                IVA:00000000.00, TERCEROS
0559478361|10/04/2017|10/04/2017|0000100417|COM OPER INET|726|4264|$0.00|$3.00|$589,295.12|105152|Operacion Conexion Banorte
0559478361|10/04/2017|10/04/2017|0000100417|I.V.A.|517|4264|$0.00|$0.48|$589,294.64|105153|Operacion Conexion Banorte
0559478361|10/04/2017|10/04/2017|0000100417|TRASPASO  A CTA :   0004668944|504|4264|$0.00|$225,554.10|$363,740.54|105154|IVA:00000262.67    ,A CUENTA   0004668944, TERCEROS AL R.F.C. THI750725EX3
0559478361|10/04/2017|10/04/2017|0000100417|COM OPER INET|726|4264|$0.00|$3.00|$363,737.54|105155|Operacion Conexion Banorte
0559478361|10/04/2017|10/04/2017|0000100417|I.V.A.|517|4264|$0.00|$0.48|$363,737.06|105156|Operacion Conexion Banorte
0559478361|10/04/2017|10/04/2017|0000100417|0930975CARGO TRANSFERENCIA ELE|503|4264|$0.00|$99,947.02|$263,790.04|105157|CTA/CLABE: 021180001950078608, CB TEF, BCO 021,BENEFICIARIO TRANSPORTADORA PORTUGAL SA DE, CVE RASTREO:    0930975 RFC: TPO880418EG2, AL R.F.C.                IVA:00000000.00, TERCEROS
0559478361|10/04/2017|10/04/2017|0000100417|COM OPER INET|726|4264|$0.00|$3.00|$263,787.04|105158|Operacion Conexion Banorte
0559478361|10/04/2017|10/04/2017|0000100417|I.V.A.|517|4264|$0.00|$0.48|$263,786.56|105159|Operacion Conexion Banorte
0559478361|10/04/2017|10/04/2017|0000000000|2017041040014 TCT0000494627630|003|5663|$179,898.39|$0.00|$443,684.95|105160|SPEI RECIBIDO DEL BANCO 0014 SANTANDER, DEL CLIENTE GAS O LENA SA DE CV, DE LA CLABE 014261655041710474   CON RFC ND, CONCEPTO: 31982, REFERENCIA: 0000001 CVE RAST: 2017041040014 TCT0000494627630
0559478361|10/04/2017|10/04/2017|0000000000|2017041040014 TCT0000494627660|003|5663|$164,429.67|$0.00|$608,114.62|105161|SPEI RECIBIDO DEL BANCO 0014 SANTANDER, DEL CLIENTE GAS O LENA SA DE CV, DE LA CLABE 014261655041710474   CON RFC ND, CONCEPTO: 32038, REFERENCIA: 0000001 CVE RAST: 2017041040014 TCT0000494627660
0559478361|11/04/2017|11/04/2017|0000012262|CHEQ CA0012262|512|0316|$0.00|$157.44|$607,957.18|105162|OIRR710408JZ1
0559478361|11/04/2017|11/04/2017|0000110417|COMPRA ORDEN DE PAGO SPEI|511|8846|$0.00|$11,600.00|$596,357.18|105163|= REFERENCIA  CTA/CLABE: 012790001954930565, BEM SPEI, BCO:012 BENEFICIARIO:ESPIRAL TECHNOLOGIES SA DE CV, PAGO FACT AFAD103, CVE RASTREO: 8846APA7201704110439467607 RFC: ETE140228KL4, IVA: 000000001600.00 BBVA BANCOMER
0559478361|11/04/2017|11/04/2017|0000000000|COMISION ORDEN DE PAGO SPEI|537|8846|$0.00|$8.90|$596,348.28|105164|REFERENCIA: 0110417
0559478361|11/04/2017|11/04/2017|0000000000|I.V.A. ORDEN DE PAGO SPEI|517|8846|$0.00|$1.42|$596,346.86|105165|REFERENCIA: 0110417
0559478361|11/04/2017|11/04/2017|0000004856|COMPRA ORDEN DE PAGO SPEI|511|8846|$0.00|$317,592.07|$278,754.79|105166|= REFERENCIA  CTA/CLABE: 014180655026013015, BEM SPEI, BCO:014 BENEFICIARIO:CONSORCIO GASOLINERO PLUS SA, C4856 DIESEL ATQS FACT GI 302749, CVE RASTREO: 8846APAC201704110439467608 RFC: CGP970522EE4, IVA: 000000042984.66 SANTANDER
0559478361|11/04/2017|11/04/2017|0000000000|COMISION ORDEN DE PAGO SPEI|537|8846|$0.00|$8.90|$278,745.89|105167|REFERENCIA: 0004856
0559478361|11/04/2017|11/04/2017|0000000000|I.V.A. ORDEN DE PAGO SPEI|517|8846|$0.00|$1.42|$278,744.47|105168|REFERENCIA: 0004856
0559478361|11/04/2017|11/04/2017|0000000000|BNET01001704110000045061|003|5663|$6,358.25|$0.00|$285,102.72|105169|SPEI RECIBIDO DEL BANCO 0012 BBVA BANCOMER, DEL CLIENTE GRUPO DABESARE SAPI DE CV, DE LA CLABE 012180001039926910   CON RFC GDA150930EIA, CONCEPTO: GAS LP 040417, REFERENCIA: 0110417 CVE RAST: BNET01001704110000045061
0559478361|11/04/2017|11/04/2017|0000000000|DEP.EFECTIVO|000|2126|$28,296.00|$0.00|$313,398.72|105170|
0559478361|11/04/2017|11/04/2017|0000110417|DEPOSITO DE CUENTA PROPIA|262|8846|$500,000.00|$0.00|$813,398.72|105171|DE LA CUENTA 0004686365, TRASPASO PRESUPUESTO PROVEEDOR
0559478361|11/04/2017|11/04/2017|0000000000|2017041140014 TCT0000497387640|003|5663|$192,860.49|$0.00|$1,006,259.21|105172|SPEI RECIBIDO DEL BANCO 0014 SANTANDER, DEL CLIENTE GAS O LENA SA DE CV, DE LA CLABE 014261655041710474   CON RFC ND, CONCEPTO: 32526, REFERENCIA: 0000001 CVE RAST: 2017041140014 TCT0000497387640
0559478361|11/04/2017|11/04/2017|0000110417|0957793CARGO TRANSFERENCIA ELE|503|4264|$0.00|$19,207.28|$987,051.93|105173|CTA/CLABE: 044180001035205250, CB TEF, BCO 044,BENEFICIARIO SANCHEZ ISLAS FLAVIO JESUS, CVE RASTREO:    0957793 RFC: SAIF620410PH0, AL R.F.C.                IVA:00000000.00, 300299303302301
0559478361|11/04/2017|11/04/2017|0000110417|COM OPER INET|726|4264|$0.00|$3.00|$987,048.93|105174|Operacion Conexion Banorte
0559478361|11/04/2017|11/04/2017|0000110417|I.V.A.|517|4264|$0.00|$0.48|$987,048.45|105175|Operacion Conexion Banorte
0559478361|11/04/2017|11/04/2017|0000110417|0957794CARGO TRANSFERENCIA ELE|503|4264|$0.00|$71,410.46|$915,637.99|105176|CTA/CLABE: 014180655010861435, CB TEF, BCO 014,BENEFICIARIO ESTUDIOS CLINICOS DR TJ ORIARD, CVE RASTREO:    0957794 RFC: ECD741021QA5, AL R.F.C.                IVA:00000000.00, A90291
0559478361|11/04/2017|11/04/2017|0000110417|COM OPER INET|726|4264|$0.00|$3.00|$915,634.99|105177|Operacion Conexion Banorte
0559478361|11/04/2017|11/04/2017|0000110417|I.V.A.|517|4264|$0.00|$0.48|$915,634.51|105178|Operacion Conexion Banorte
0559478361|11/04/2017|11/04/2017|0000110417|TRASPASO  A CTA :   0445211027|504|4264|$0.00|$47,560.00|$868,074.51|105179|IVA:00000053.47    ,A CUENTA   0445211027, 126A AL R.F.C. GURL5707314C2
0559478361|11/04/2017|11/04/2017|0000110417|COM OPER INET|726|4264|$0.00|$3.00|$868,071.51|105180|Operacion Conexion Banorte
0559478361|11/04/2017|11/04/2017|0000110417|I.V.A.|517|4264|$0.00|$0.48|$868,071.03|105181|Operacion Conexion Banorte
0559478361|11/04/2017|11/04/2017|0000110417|0957795CARGO TRANSFERENCIA ELE|503|4264|$0.00|$21,761.60|$846,309.43|105182|CTA/CLABE: 002180700976858928, CB TEF, BCO 002,BENEFICIARIO GONZALEZ GONZALEZ LUZ MARIA, CVE RASTREO:    0957795 RFC: GOGL680529HR4, AL R.F.C.                IVA:00000000.00, A176A178A167
0559478361|11/04/2017|11/04/2017|0000110417|COM OPER INET|726|4264|$0.00|$3.00|$846,306.43|105183|Operacion Conexion Banorte
0559478361|11/04/2017|11/04/2017|0000110417|I.V.A.|517|4264|$0.00|$0.48|$846,305.95|105184|Operacion Conexion Banorte
0559478361|11/04/2017|11/04/2017|0000110417|TRASPASO  A CTA :   0213504740|504|4264|$0.00|$76,462.56|$769,843.39|105185|IVA:00000085.97    ,A CUENTA   0213504740, A1294A1295 AL R.F.C. GSA130705HU9
0559478361|11/04/2017|11/04/2017|0000110417|COM OPER INET|726|4264|$0.00|$3.00|$769,840.39|105186|Operacion Conexion Banorte
0559478361|11/04/2017|11/04/2017|0000110417|I.V.A.|517|4264|$0.00|$0.48|$769,839.91|105187|Operacion Conexion Banorte
0559478361|11/04/2017|11/04/2017|0000110417|TRASPASO  A CTA :   0848957908|504|4264|$0.00|$176,425.33|$593,414.58|105188|IVA:00000167.64    ,A CUENTA   0848957908, TERCEROS AL R.F.C. TAR1206259Q5
0559478361|11/04/2017|11/04/2017|0000110417|COM OPER INET|726|4264|$0.00|$3.00|$593,411.58|105189|Operacion Conexion Banorte
0559478361|11/04/2017|11/04/2017|0000110417|I.V.A.|517|4264|$0.00|$0.48|$593,411.10|105190|Operacion Conexion Banorte
0559478361|11/04/2017|11/04/2017|0000110417|0957796CARGO TRANSFERENCIA ELE|503|4264|$0.00|$8,932.00|$584,479.10|105191|CTA/CLABE: 012180011045757338, CB TEF, BCO 012,BENEFICIARIO MEDINA DUARTE LUZ MARIA, CVE RASTREO:    0957796 RFC: MEDL521013JS5, AL R.F.C.                IVA:00000000.00, A365A364
0559478361|11/04/2017|11/04/2017|0000110417|COM OPER INET|726|4264|$0.00|$3.00|$584,476.10|105192|Operacion Conexion Banorte
0559478361|11/04/2017|11/04/2017|0000110417|I.V.A.|517|4264|$0.00|$0.48|$584,475.62|105193|Operacion Conexion Banorte
0559478361|11/04/2017|11/04/2017|0000110417|0957797CARGO TRANSFERENCIA ELE|503|4264|$0.00|$5,167.80|$579,307.82|105194|CTA/CLABE: 012180001675434251, CB TEF, BCO 012,BENEFICIARIO MEDINA CRUZ LAURA GUADALUPE, CVE RASTREO:    0957797 RFC: MECL8412089Q2, AL R.F.C.                IVA:00000000.00, A87
0559478361|11/04/2017|11/04/2017|0000110417|COM OPER INET|726|4264|$0.00|$3.00|$579,304.82|105195|Operacion Conexion Banorte
0559478361|11/04/2017|11/04/2017|0000110417|I.V.A.|517|4264|$0.00|$0.48|$579,304.34|105196|Operacion Conexion Banorte
0559478361|11/04/2017|11/04/2017|0000110417|TRASPASO  A CTA :   0529927406|504|4264|$0.00|$346,236.80|$233,067.54|105197|IVA:00000389.32    ,A CUENTA   0529927406, E972E973 AL R.F.C. EMI0608082A7
0559478361|11/04/2017|11/04/2017|0000110417|COM OPER INET|726|4264|$0.00|$3.00|$233,064.54|105198|Operacion Conexion Banorte
0559478361|11/04/2017|11/04/2017|0000110417|I.V.A.|517|4264|$0.00|$0.48|$233,064.06|105199|Operacion Conexion Banorte
0559478361|11/04/2017|11/04/2017|0000110417|0957798CARGO TRANSFERENCIA ELE|503|4264|$0.00|$6,864.01|$226,200.05|105200|CTA/CLABE: 021308062062574633, CB TEF, BCO 021,BENEFICIARIO NIETO SOLIS ISRAEL, CVE RASTREO:    0957798 RFC: NISI7606236I6, AL R.F.C.                IVA:00000000.00, B930B929B926B922B921B920
0559478361|11/04/2017|11/04/2017|0000110417|COM OPER INET|726|4264|$0.00|$3.00|$226,197.05|105201|Operacion Conexion Banorte
0559478361|11/04/2017|11/04/2017|0000110417|I.V.A.|517|4264|$0.00|$0.48|$226,196.57|105202|Operacion Conexion Banorte
0559478361|11/04/2017|11/04/2017|0000110417|0957799CARGO TRANSFERENCIA ELE|503|4264|$0.00|$92,742.93|$133,453.64|105203|CTA/CLABE: 012215001532441485, CB TEF, BCO 012,BENEFICIARIO EQUIPOS PARA GAS SA DE CV, CVE RASTREO:    0957799 RFC: EGA810729A85, AL R.F.C.                IVA:00000000.00, MEX132667MEX132553MEX132550
0559478361|11/04/2017|11/04/2017|0000110417|COM OPER INET|726|4264|$0.00|$3.00|$133,450.64|105204|Operacion Conexion Banorte
0559478361|11/04/2017|11/04/2017|0000110417|I.V.A.|517|4264|$0.00|$0.48|$133,450.16|105205|Operacion Conexion Banorte
0559478361|11/04/2017|11/04/2017|0000100417|COMPRA ORDEN DE PAGO SPEI|511|8846|$0.00|$11,600.00|$121,850.16|105206|= REFERENCIA  CTA/CLABE: 012790001954930565, BEM SPEI, BCO:012 BENEFICIARIO:ESPIRAL TECHNOLOGIES SA DE CV, AFAD104, CVE RASTREO: 8846APAB201704110439747144 RFC: ETE140228KL4, IVA: 000000001600.00 BBVA BANCOMER
0559478361|11/04/2017|11/04/2017|0000000000|COMISION ORDEN DE PAGO SPEI|537|8846|$0.00|$8.90|$121,841.26|105207|REFERENCIA: 0100417
0559478361|11/04/2017|11/04/2017|0000000000|I.V.A. ORDEN DE PAGO SPEI|517|8846|$0.00|$1.42|$121,839.84|105208|REFERENCIA: 0100417
0559478361|11/04/2017|11/04/2017|0000110417|TRASPASO A CUENTA DE TERCEROS|791|8846|$0.00|$16,994.00|$104,845.84|105209|IVA:00002344.00    , A LA CUENTA: 0441840214, PAGO FACTS 4D2A Y 244F AL R.F.C. BAHM721221NN5
0559478361|11/04/2017|11/04/2017|0000000000|Comision x Internet 110417|726|8846|$0.00|$3.00|$104,842.84|105210|Transferencias Tercero Banorte
0559478361|11/04/2017|11/04/2017|0000000000|IVA Com  x Internet 110417|517|8846|$0.00|$0.48|$104,842.36|105211|Transferencias Tercero Banorte
0559478361|11/04/2017|11/04/2017|0000110417|TRASPASO A CUENTA DE TERCEROS|791|8846|$0.00|$5,265.24|$99,577.12|105212|IVA:00000726.24    , A LA CUENTA: 0692178634, FACT AA348 AL R.F.C. MACV640103EP0
0559478361|11/04/2017|11/04/2017|0000000000|Comision x Internet 110417|726|8846|$0.00|$3.00|$99,574.12|105213|Transferencias Tercero Banorte
0559478361|11/04/2017|11/04/2017|0000000000|IVA Com  x Internet 110417|517|8846|$0.00|$0.48|$99,573.64|105214|Transferencias Tercero Banorte
0559478361|11/04/2017|11/04/2017|0000110417|TRANSF ELECTRONICA FONDOS: TEF|503|8846|$0.00|$23,490.00|$76,083.64|105215|CLABE: 012180029675302695, BEM TEF.BCO:012  RAUL ALEJANDRO ORDAZ RIVERA, CVE.RASTREO:0968396 RFC: OARR720324LN0  IVA:00003240.00, FACT 769 779 Y 783
0559478361|11/04/2017|11/04/2017|0000110417|TRANSF ELECTRONICA FONDOS: TEF|503|8846|$0.00|$27,816.80|$48,266.84|105216|CLABE: 002180700776621520, BEM TEF.BCO:002  JOSE LUIS SUSTAITA YSAIS, CVE.RASTREO:0968397 RFC: SUYL660815RZ8  IVA:00003836.80, PAGO FACTS 504 Y 506
0559478361|11/04/2017|11/04/2017|0000000000|Comision x Internet 110417|727|8846|$0.00|$3.00|$48,263.84|105217|Transferencias TEF
0559478361|11/04/2017|11/04/2017|0000000000|IVA Com  x Internet 110417|517|8846|$0.00|$0.48|$48,263.36|105218|Transferencias TEF
0559478361|11/04/2017|11/04/2017|0000000000|Comision x Internet 110417|727|8846|$0.00|$3.00|$48,260.36|105219|Transferencias TEF
0559478361|11/04/2017|11/04/2017|0000000000|IVA Com  x Internet 110417|517|8846|$0.00|$0.48|$48,259.88|105220|Transferencias TEF
0559478361|11/04/2017|11/04/2017|0000000001|DEPOSITO DE CUENTA DE TERCEROS|263|8846|$11,809.98|$0.00|$60,069.86|105221|DE LA CUENTA 0620805764, CCBDC61F 34A5A9D3 53F40A25 B37
0559478361|12/04/2017|12/04/2017|0000120417|DEPOSITO DE CUENTA PROPIA|262|8846|$1,600,000.00|$0.00|$1,660,069.86|105222|DE LA CUENTA 0004686365, TRASPASO PRESUPUESTO PROVEEDOR
0559478361|12/04/2017|12/04/2017|0000000000|PAGO DE LDC-IMSS|503|8846|$0.00|$987,126.52|$672,943.34|105223|ALTA: 138UDEEY4BMV2HLNS308501MRR64000000000000000000000KILV, ID PAGO: 17065090106201703821224, TOTAL: 0000000098712652 RASTREO: 000105223
0559478361|12/04/2017|12/04/2017|0000120417|DEPOSITO DE CUENTA DE TERCEROS|263|8846|$26,993.20|$0.00|$699,936.54|105224|DE LA CUENTA 0279784379, Pago F XLOI 506 Servicio Tecnico Huehuetoca
0559478361|12/04/2017|12/04/2017|0000120417|TRASPASO A CUENTA PROPIA|790|8846|$0.00|$233,835.91|$466,100.63|105225|IVA:00033405.14    , A LA CUENTA 0812929540, FACTS 4784 4782 4819 4781 4783 AL R.F.C. THI750725EX3
0559478361|12/04/2017|12/04/2017|0000120417|TRASPASO  A CTA :   0004668944|504|4264|$0.00|$150,970.80|$315,129.83|105226|IVA:00000175.82    ,A CUENTA   0004668944, TERCEROS AL R.F.C. THI750725EX3
0559478361|12/04/2017|12/04/2017|0000120417|COM OPER INET|726|4264|$0.00|$3.00|$315,126.83|105227|Operacion Conexion Banorte
0559478361|12/04/2017|12/04/2017|0000120417|I.V.A.|517|4264|$0.00|$0.48|$315,126.35|105228|Operacion Conexion Banorte
0559478361|12/04/2017|12/04/2017|0012042017|DEPOSITO DE CUENTA PROPIA|262|8846|$941,000.00|$0.00|$1,256,126.35|105229|DE LA CUENTA 0004686365, TRASPASO PRESUPUESTO NOMINA
0559478361|12/04/2017|12/04/2017|0000004856|COMPRA ORDEN DE PAGO SPEI|511|8846|$0.00|$194,689.01|$1,061,437.34|105230|= REFERENCIA  CTA/CLABE: 014180655026013015, BEM SPEI, BCO:014 BENEFICIARIO:CONSORCIO GASOLINERO PLUS SA, C4856 DIESEL ATQS FACT GI 303434, CVE RASTREO: 8846APAC201704120440596763 RFC: CGP970522EE4, IVA: 000000026349.45 SANTANDER
0559478361|12/04/2017|12/04/2017|0000000000|COMISION ORDEN DE PAGO SPEI|537|8846|$0.00|$8.90|$1,061,428.44|105231|REFERENCIA: 0004856
0559478361|12/04/2017|12/04/2017|0000000000|I.V.A. ORDEN DE PAGO SPEI|517|8846|$0.00|$1.42|$1,061,427.02|105232|REFERENCIA: 0004856
0559478361|12/04/2017|12/04/2017|0012042017|DEPOSITO DE CUENTA DE TERCEROS|263|7875|$4,195.80|$0.00|$1,065,622.82|105233|DE LA CUENTA 0222901640, PAGO GAS 12ABRIL2017 LIRAS
0559478361|12/04/2017|12/04/2017|0000120417|COMPRA ORDEN DE PAGO SPEI|511|8846|$0.00|$516,410.51|$549,212.31|105234|= REFERENCIA  CTA/CLABE: 037180019900003984, BEM SPEI, BCO:037 BENEFICIARIO:Banco Interacciones  S A, Aport Fideicomiso Gas Metropolitano, CVE RASTREO: 8846CAP4201704120440661475 RFC: BIN931011519, IVA: 000000000000.00 INTERACCIONES
0559478361|12/04/2017|12/04/2017|0000000000|COMISION ORDEN DE PAGO SPEI|537|8846|$0.00|$8.90|$549,203.41|105235|REFERENCIA: 0120417
0559478361|12/04/2017|12/04/2017|0000000000|I.V.A. ORDEN DE PAGO SPEI|517|8846|$0.00|$1.42|$549,201.99|105236|REFERENCIA: 0120417
0559478361|12/04/2017|12/04/2017|0000000001|DEPOSITO DE CUENTA DE TERCEROS|263|8846|$194,697.79|$0.00|$743,899.78|105237|DE LA CUENTA 0403127940, COMPRA
0559478361|12/04/2017|12/04/2017|0000000001|DEPOSITO DE CUENTA DE TERCEROS|263|8846|$191,560.54|$0.00|$935,460.32|105238|DE LA CUENTA 0403127940, COMPRA DE GAS METRO
0559478361|12/04/2017|12/04/2017|0000120417|DEPOSITO DE CUENTA PROPIA|262|8846|$2,900,000.00|$0.00|$3,835,460.32|105239|DE LA CUENTA 0004686365, TRASPASO PRESUPUESTO PROVEEDOR
0559478361|12/04/2017|12/04/2017|0000000001|DEPOSITO DE CUENTA DE TERCEROS|263|8846|$1,984.50|$0.00|$3,837,444.82|105240|DE LA CUENTA 0220067083, 502725269
0559478361|12/04/2017|12/04/2017|0000000001|DEPOSITO DE CUENTA DE TERCEROS|263|8846|$1,093.50|$0.00|$3,838,538.32|105241|DE LA CUENTA 0220067083, 502725252
0559478361|12/04/2017|12/04/2017|0000001204|DEPOSITO DE CUENTA DE TERCEROS|263|8846|$6,736.00|$0.00|$3,845,274.32|105242|DE LA CUENTA 0831855864, Fact SJGE911898
0559478361|12/04/2017|12/04/2017|0000120417|TRASPASO A CUENTA PROPIA|790|8846|$0.00|$195,000.00|$3,650,274.32|105243|IVA:00000000.00    , A LA CUENTA 0188601662, PAGO FACTS 449 450 AL R.F.C. GGA040913JW2
0559478361|12/04/2017|12/04/2017|0000120417|0993310CARGO TRANSFERENCIA ELE|503|4264|$0.00|$29,790.07|$3,620,484.25|105244|CTA/CLABE: 014180655031351843, CB TEF, BCO 014,BENEFICIARIO IDENTIFICACION ANALISIS Y ADMI, CVE RASTREO:    0993310 RFC: IAA080917QD1, AL R.F.C.                IVA:00000000.00, A3306A3305
0559478361|12/04/2017|12/04/2017|0000120417|COM OPER INET|726|4264|$0.00|$3.00|$3,620,481.25|105245|Operacion Conexion Banorte
0559478361|12/04/2017|12/04/2017|0000120417|I.V.A.|517|4264|$0.00|$0.48|$3,620,480.77|105246|Operacion Conexion Banorte
0559478361|12/04/2017|12/04/2017|0000120417|TRASPASO  A CTA :   0529927406|504|4264|$0.00|$361,118.84|$3,259,361.93|105247|IVA:00000406.05    ,A CUENTA   0529927406, E976 AL R.F.C. EMI0608082A7
0559478361|12/04/2017|12/04/2017|0000120417|COM OPER INET|726|4264|$0.00|$3.00|$3,259,358.93|105248|Operacion Conexion Banorte
0559478361|12/04/2017|12/04/2017|0000120417|I.V.A.|517|4264|$0.00|$0.48|$3,259,358.45|105249|Operacion Conexion Banorte
0559478361|12/04/2017|12/04/2017|0000120417|TRASPASO  A CTA :   0501440246|504|4264|$0.00|$290,014.00|$2,969,344.45|105250|IVA:00000326.10    ,A CUENTA   0501440246, TERCEROS AL R.F.C. FAZ680312I24
0559478361|12/04/2017|12/04/2017|0000120417|COM OPER INET|726|4264|$0.00|$3.00|$2,969,341.45|105251|Operacion Conexion Banorte
0559478361|12/04/2017|12/04/2017|0000120417|I.V.A.|517|4264|$0.00|$0.48|$2,969,340.97|105252|Operacion Conexion Banorte
0559478361|12/04/2017|12/04/2017|0000120417|TRASPASO  A CTA :   0582102383|504|4264|$0.00|$11,116.28|$2,958,224.69|105253|IVA:00000012.49    ,A CUENTA   0582102383, A957 AL R.F.C. VIMJ700904KU1
0559478361|12/04/2017|12/04/2017|0000120417|COM OPER INET|726|4264|$0.00|$3.00|$2,958,221.69|105254|Operacion Conexion Banorte
0559478361|12/04/2017|12/04/2017|0000120417|I.V.A.|517|4264|$0.00|$0.48|$2,958,221.21|105255|Operacion Conexion Banorte
0559478361|12/04/2017|12/04/2017|0000120417|TRASPASO  A CTA :   0004668944|504|4264|$0.00|$222,424.68|$2,735,796.53|105256|IVA:00000259.03    ,A CUENTA   0004668944, TERCEROS AL R.F.C. THI750725EX3
0559478361|12/04/2017|12/04/2017|0000120417|COM OPER INET|726|4264|$0.00|$3.00|$2,735,793.53|105257|Operacion Conexion Banorte
0559478361|12/04/2017|12/04/2017|0000120417|I.V.A.|517|4264|$0.00|$0.48|$2,735,793.05|105258|Operacion Conexion Banorte
0559478361|12/04/2017|12/04/2017|0000120417|0993311CARGO TRANSFERENCIA ELE|503|4264|$0.00|$12,158.08|$2,723,634.97|105259|CTA/CLABE: 002180024530803341, CB TEF, BCO 002,BENEFICIARIO REFACCIONARIA ANTONIO LOPEZ GU, CVE RASTREO:    0993311 RFC: RAL851127QS2, AL R.F.C.                IVA:00000000.00, RAL93046RAL92828RAL92520RAL
0559478361|12/04/2017|12/04/2017|0000120417|COM OPER INET|726|4264|$0.00|$3.00|$2,723,631.97|105260|Operacion Conexion Banorte
0559478361|12/04/2017|12/04/2017|0000120417|I.V.A.|517|4264|$0.00|$0.48|$2,723,631.49|105261|Operacion Conexion Banorte
0559478361|12/04/2017|12/04/2017|0000120417|0993312CARGO TRANSFERENCIA ELE|503|4264|$0.00|$125,059.68|$2,598,571.81|105262|CTA/CLABE: 002180002332983122, CB TEF, BCO 002,BENEFICIARIO IMPLEMENTOS Y SERVICIOS TECNIC, CVE RASTREO:    0993312 RFC: IST9310089H8, AL R.F.C.                IVA:00000000.00, MX11851MX11808MX11803MX1182
0559478361|12/04/2017|12/04/2017|0000120417|COM OPER INET|726|4264|$0.00|$3.00|$2,598,568.81|105263|Operacion Conexion Banorte
0559478361|12/04/2017|12/04/2017|0000120417|I.V.A.|517|4264|$0.00|$0.48|$2,598,568.33|105264|Operacion Conexion Banorte
0559478361|12/04/2017|12/04/2017|0000120417|TRANSF ELECTRONICA FONDOS: TEF|503|8846|$0.00|$168,385.60|$2,430,182.73|105265|CLABE: 036180500190807316, BEM TEF.BCO:036  LOPEZ INSUA TANIA, CVE.RASTREO:0993750 RFC: LOIT760627QW5  IVA:00023225.60, PAGO FACT 381
0559478361|12/04/2017|12/04/2017|0000000000|Comision x Internet 120417|727|8846|$0.00|$3.00|$2,430,179.73|105266|Transferencias TEF
0559478361|12/04/2017|12/04/2017|0000000000|IVA Com  x Internet 120417|517|8846|$0.00|$0.48|$2,430,179.25|105267|Transferencias TEF
0559478361|12/04/2017|12/04/2017|0000000000|RETIRO DEP ELECTRONICO|515|0373|$0.00|$940,896.00|$1,489,283.25|105268|DE LA EMISORA : 16924
0559478361|13/04/2017|17/04/2017|0000130417|DEPOSITO DE CUENTA DE TERCEROS|263|8846|$20,497.95|$0.00|$1,509,781.20|105269|DE LA CUENTA 0587447089, liquidaci n instalaci n de medidores
0559478361|15/04/2017|17/04/2017|0000150417|DEPOSITO DE CUENTA DE TERCEROS|263|7279|$3,045.60|$0.00|$1,512,826.80|105270|DE LA CUENTA 0257096490, pago 2fac 1 y 5 abr
0559478361|15/04/2017|17/04/2017|0000000001|DEPOSITO DE CUENTA DE TERCEROS|263|7875|$7,670.70|$0.00|$1,520,497.50|105271|DE LA CUENTA 0241156227, PAGO 2 FAC 1 Y 5 ABR
0559478361|17/04/2017|17/04/2017|0000000000|BNET01001704170000062301|003|5663|$1,191.00|$0.00|$1,521,688.50|105272|SPEI RECIBIDO DEL BANCO 0012 BBVA BANCOMER, DEL CLIENTE ANA GEORGINA MECOTT VAZQUEZ, DE LA CLABE 012180015027761380   CON RFC MEVA6803271Q7, CONCEPTO: 502359353 150 LTS ESPIRITU SANTO 181, REFERENCIA: 5023593 CVE RAST: BNET01001704170000062301
0559478361|17/04/2017|17/04/2017||PAGO REFERENCIADO|531|8846|$0.00|$1,435,817.00|$85,871.50|105273|573804310717                  Impuesto Deposito Referenciado
0559478361|17/04/2017|17/04/2017|0000000004|DEPOSITO DE CUENTA DE TERCEROS|263|8846|$5,013.63|$0.00|$90,885.13|105274|DE LA CUENTA 0892189551, Gas17-4-17
0559478361|17/04/2017|17/04/2017|0000000004|DEPOSITO DE CUENTA DE TERCEROS|263|8846|$4,880.00|$0.00|$95,765.13|105275|DE LA CUENTA 0892189551, GasB17-4-17
0559478361|17/04/2017|17/04/2017|0000012274|CHEQUE 0012274|508|0004|$0.00|$6,165.45|$89,599.68|105276|
0559478361|17/04/2017|17/04/2017|0000011111|DEPOSITO DE CUENTA DE TERCEROS|263|8846|$2,780.80|$0.00|$92,380.48|105277|DE LA CUENTA 0693296302, PAGO FACTURA NO.  SJGE 934740
0559478361|17/04/2017|17/04/2017|0000170417|DEPOSITO DE CUENTA DE TERCEROS|263|7279|$2,088.45|$0.00|$94,468.93|105278|DE LA CUENTA 0229242481, factura pendiente
0559478361|17/04/2017|17/04/2017|0000001065|TRANSF ELECTRONICA FONDOS: TEF|503|8846|$0.00|$14,383.00|$80,085.93|105279|CLABE: 044180001061039982, BEM TEF.BCO:044  ASOCIACION MEXICANA DE DISTRI, CVE.RASTREO:1003226 RFC: AMD620215M41   IVA:00000000.00, REFERENCIA 1065 FACT 9309
0559478361|17/04/2017|17/04/2017|0000000000|Comision x Internet 1065|727|8846|$0.00|$3.00|$80,082.93|105280|Transferencias TEF
0559478361|17/04/2017|17/04/2017|0000000000|IVA Com  x Internet 1065|517|8846|$0.00|$0.48|$80,082.45|105281|Transferencias TEF
0559478361|17/04/2017|17/04/2017|0000000000|002601001704170000139953|003|5663|$2,268.40|$0.00|$82,350.85|105282|SPEI RECIBIDO DEL BANCO 0012 BBVA BANCOMER, DEL CLIENTE IQUISA SANTA CLARA SA DE CV, DE LA CLABE 012854001779545819   CON RFC ISC701204M75, CONCEPTO: IQUISA SANTA CLARA  S A  C V, REFERENCIA: 0013945 CVE RAST: 002601001704170000139953
0559478361|17/04/2017|17/04/2017|0000000000|DEP.PAGO MULTIPLE|003|0684|$37,643.16|$0.00|$119,994.01|105283|
0559478361|17/04/2017|17/04/2017|0000000000|DEP.PAGO MULTIPLE|003|0684|$55,510.21|$0.00|$175,504.22|105284|
0559478361|17/04/2017|17/04/2017|0000170417|TRASPASO A CUENTA DE TERCEROS|791|8846|$0.00|$5,265.24|$170,238.98|105285|IVA:00000726.24    , A LA CUENTA: 0692178634, PAGO FACT AA 353 AL R.F.C. MACV640103EP0
0559478361|17/04/2017|17/04/2017|0000170417|TRASPASO A CUENTA DE TERCEROS|791|8846|$0.00|$508.27|$169,730.71|105286|IVA:00000000.00    , A LA CUENTA: 0809024539, PENSION ALIMENTICIA SEM 15 AL R.F.C. MIRI690210RU8
0559478361|17/04/2017|17/04/2017|0000000000|Comision x Internet 170417|726|8846|$0.00|$3.00|$169,727.71|105287|Transferencias Tercero Banorte
0559478361|17/04/2017|17/04/2017|0000000000|IVA Com  x Internet 170417|517|8846|$0.00|$0.48|$169,727.23|105288|Transferencias Tercero Banorte
0559478361|17/04/2017|17/04/2017|0000000000|Comision x Internet 170417|726|8846|$0.00|$3.00|$169,724.23|105289|Transferencias Tercero Banorte
0559478361|17/04/2017|17/04/2017|0000000000|IVA Com  x Internet 170417|517|8846|$0.00|$0.48|$169,723.75|105290|Transferencias Tercero Banorte
0559478361|17/04/2017|17/04/2017|0017042017|DEPOSITO DE CUENTA PROPIA|262|8846|$600,000.00|$0.00|$769,723.75|105291|DE LA CUENTA 0004686365, traspaso presupuesto prov
0559478361|17/04/2017|17/04/2017|0000170417|1010372CARGO TRANSFERENCIA ELE|503|4264|$0.00|$1,920.00|$767,803.75|105292|CTA/CLABE: 021180063968918170, CB TEF, BCO 021,BENEFICIARIO PEREZ SOSA JOSE LUIS, CVE RASTREO:    1010372 RFC: PESL700821BG7, AL R.F.C.                IVA:00000000.00, TERCEROS
0559478361|17/04/2017|17/04/2017|0000170417|COM OPER INET|726|4264|$0.00|$3.00|$767,800.75|105293|Operacion Conexion Banorte
0559478361|17/04/2017|17/04/2017|0000170417|I.V.A.|517|4264|$0.00|$0.48|$767,800.27|105294|Operacion Conexion Banorte
0559478361|17/04/2017|17/04/2017|0000170417|1010374CARGO TRANSFERENCIA ELE|503|4264|$0.00|$323.36|$767,476.91|105295|CTA/CLABE: 044180001059177526, CB TEF, BCO 044,BENEFICIARIO HOFFMAN ARIAS FRANZ CARL, CVE RASTREO:    1010374 RFC: HOAF6811092N1, AL R.F.C.                IVA:00000000.00, TERCEROS
0559478361|17/04/2017|17/04/2017|0000170417|COM OPER INET|726|4264|$0.00|$3.00|$767,473.91|105296|Operacion Conexion Banorte
0559478361|17/04/2017|17/04/2017|0000170417|I.V.A.|517|4264|$0.00|$0.48|$767,473.43|105297|Operacion Conexion Banorte
0559478361|17/04/2017|17/04/2017|0000170417|TRASPASO  A CTA :   0416306718|504|4264|$0.00|$500.00|$766,973.43|105298|IVA:00000000.65    ,A CUENTA   0416306718, TERCEROS AL R.F.C. OHP150601HX5
0559478361|17/04/2017|17/04/2017|0000170417|COM OPER INET|726|4264|$0.00|$3.00|$766,970.43|105299|Operacion Conexion Banorte
0559478361|17/04/2017|17/04/2017|0000170417|I.V.A.|517|4264|$0.00|$0.48|$766,969.95|105300|Operacion Conexion Banorte
0559478361|17/04/2017|17/04/2017|0000170417|1010375CARGO TRANSFERENCIA ELE|503|4264|$0.00|$638.90|$766,331.05|105301|CTA/CLABE: 021180061270168801, CB TEF, BCO 021,BENEFICIARIO TRUJILLO GONZALEZ BLANCA SOLED, CVE RASTREO:    1010375 RFC: TRGB820911C15, AL R.F.C.                IVA:00000000.00, TERCEROS
0559478361|17/04/2017|17/04/2017|0000170417|COM OPER INET|726|4264|$0.00|$3.00|$766,328.05|105302|Operacion Conexion Banorte
0559478361|17/04/2017|17/04/2017|0000170417|I.V.A.|517|4264|$0.00|$0.48|$766,327.57|105303|Operacion Conexion Banorte
0559478361|17/04/2017|17/04/2017|0000170417|TRASPASO  A CTA :   0421642652|504|4264|$0.00|$710.39|$765,617.18|105304|IVA:00000000.92    ,A CUENTA   0421642652, TERCEROS AL R.F.C. CORL850930787
0559478361|17/04/2017|17/04/2017|0000170417|COM OPER INET|726|4264|$0.00|$3.00|$765,614.18|105305|Operacion Conexion Banorte
0559478361|17/04/2017|17/04/2017|0000170417|I.V.A.|517|4264|$0.00|$0.48|$765,613.70|105306|Operacion Conexion Banorte
0559478361|17/04/2017|17/04/2017|0000170417|TRASPASO  A CTA :   0407646935|504|4264|$0.00|$382.14|$765,231.56|105307|IVA:00000000.49    ,A CUENTA   0407646935, TERCEROS AL R.F.C. ROGN810109QX1
0559478361|17/04/2017|17/04/2017|0000170417|COM OPER INET|726|4264|$0.00|$3.00|$765,228.56|105308|Operacion Conexion Banorte
0559478361|17/04/2017|17/04/2017|0000170417|I.V.A.|517|4264|$0.00|$0.48|$765,228.08|105309|Operacion Conexion Banorte
0559478361|17/04/2017|17/04/2017|0000170417|1010376CARGO TRANSFERENCIA ELE|503|4264|$0.00|$113,680.00|$651,548.08|105310|CTA/CLABE: 014610920019209277, CB TEF, BCO 014,BENEFICIARIO TRANSFORMA CONSULTORIA Y SERVI, CVE RASTREO:    1010376 RFC: TCS140116CC9, AL R.F.C.                IVA:00000000.00, A348
0559478361|17/04/2017|17/04/2017|0000170417|COM OPER INET|726|4264|$0.00|$3.00|$651,545.08|105311|Operacion Conexion Banorte
0559478361|17/04/2017|17/04/2017|0000170417|I.V.A.|517|4264|$0.00|$0.48|$651,544.60|105312|Operacion Conexion Banorte
0559478361|17/04/2017|17/04/2017|0000170417|1010377CARGO TRANSFERENCIA ELE|503|4264|$0.00|$286.84|$651,257.76|105313|CTA/CLABE: 021180063898342793, CB TEF, BCO 021,BENEFICIARIO CABRERA MORENO CLAUDIA KARINA, CVE RASTREO:    1010377 RFC: CAMC830213Z21, AL R.F.C.                IVA:00000000.00, TERCEROS
0559478361|17/04/2017|17/04/2017|0000170417|COM OPER INET|726|4264|$0.00|$3.00|$651,254.76|105314|Operacion Conexion Banorte
0559478361|17/04/2017|17/04/2017|0000170417|I.V.A.|517|4264|$0.00|$0.48|$651,254.28|105315|Operacion Conexion Banorte
0559478361|17/04/2017|17/04/2017|0000170417|1010378CARGO TRANSFERENCIA ELE|503|4264|$0.00|$954.32|$650,299.96|105316|CTA/CLABE: 002180476400151247, CB TEF, BCO 002,BENEFICIARIO ZOZALLAS PANTOJA MARIA DE LA L, CVE RASTREO:    1010378 RFC: ZOPM750505F5, AL R.F.C.                IVA:00000000.00, TERCEROS
0559478361|17/04/2017|17/04/2017|0000170417|COM OPER INET|726|4264|$0.00|$3.00|$650,296.96|105317|Operacion Conexion Banorte
0559478361|17/04/2017|17/04/2017|0000170417|I.V.A.|517|4264|$0.00|$0.48|$650,296.48|105318|Operacion Conexion Banorte
0559478361|17/04/2017|17/04/2017|0000170417|TRASPASO  A CTA :   0826648642|504|4264|$0.00|$440.50|$649,855.98|105319|IVA:00000000.57    ,A CUENTA   0826648642, TERCEROS AL R.F.C. REIT740513R33
0559478361|17/04/2017|17/04/2017|0000170417|COM OPER INET|726|4264|$0.00|$3.00|$649,852.98|105320|Operacion Conexion Banorte
0559478361|17/04/2017|17/04/2017|0000170417|I.V.A.|517|4264|$0.00|$0.48|$649,852.50|105321|Operacion Conexion Banorte
0559478361|17/04/2017|17/04/2017|0000170417|TRASPASO  A CTA :   0828338116|504|4264|$0.00|$251.59|$649,600.91|105322|IVA:00000000.32    ,A CUENTA   0828338116, TERCEROS AL R.F.C. SEPI780206B70
0559478361|17/04/2017|17/04/2017|0000170417|COM OPER INET|726|4264|$0.00|$3.00|$649,597.91|105323|Operacion Conexion Banorte
0559478361|17/04/2017|17/04/2017|0000170417|I.V.A.|517|4264|$0.00|$0.48|$649,597.43|105324|Operacion Conexion Banorte
0559478361|17/04/2017|17/04/2017|0000170417|TRASPASO  A CTA :   0435190879|504|4264|$0.00|$206,070.22|$443,527.21|105325|IVA:00000268.78    ,A CUENTA   0435190879, TERCEROS AL R.F.C. CAAF660605CM7
0559478361|17/04/2017|17/04/2017|0000170417|COM OPER INET|726|4264|$0.00|$3.00|$443,524.21|105326|Operacion Conexion Banorte
0559478361|17/04/2017|17/04/2017|0000170417|I.V.A.|517|4264|$0.00|$0.48|$443,523.73|105327|Operacion Conexion Banorte
0559478361|17/04/2017|17/04/2017|0000170417|TRASPASO  A CTA :   0877594965|504|4264|$0.00|$478.20|$443,045.53|105328|IVA:00000000.62    ,A CUENTA   0877594965, TERCEROS AL R.F.C. LIAM780831TM8
0559478361|17/04/2017|17/04/2017|0000170417|COM OPER INET|726|4264|$0.00|$3.00|$443,042.53|105329|Operacion Conexion Banorte
0559478361|17/04/2017|17/04/2017|0000170417|I.V.A.|517|4264|$0.00|$0.48|$443,042.05|105330|Operacion Conexion Banorte
0559478361|17/04/2017|17/04/2017|0000170417|TRASPASO  A CTA :   0549167228|504|4264|$0.00|$8,530.64|$434,511.41|105331|IVA:00000009.59    ,A CUENTA   0549167228, AFAD406AFAD405 AL R.F.C. IAMA751219DY0
0559478361|17/04/2017|17/04/2017|0000170417|COM OPER INET|726|4264|$0.00|$3.00|$434,508.41|105332|Operacion Conexion Banorte
0559478361|17/04/2017|17/04/2017|0000170417|I.V.A.|517|4264|$0.00|$0.48|$434,507.93|105333|Operacion Conexion Banorte
0559478361|17/04/2017|17/04/2017|0000170417|TRASPASO  A CTA :   0527306623|504|4264|$0.00|$133,119.12|$301,388.81|105334|IVA:00000173.63    ,A CUENTA   0527306623, TERCEROS AL R.F.C. GME540707CD1
0559478361|17/04/2017|17/04/2017|0000170417|COM OPER INET|726|4264|$0.00|$3.00|$301,385.81|105335|Operacion Conexion Banorte
0559478361|17/04/2017|17/04/2017|0000170417|I.V.A.|517|4264|$0.00|$0.48|$301,385.33|105336|Operacion Conexion Banorte
0559478361|17/04/2017|17/04/2017|0000170417|TRASPASO  A CTA :   0004686365|504|4264|$0.00|$17,012.00|$284,373.33|105337|IVA:00000022.18    ,A CUENTA   0004686365, TERCEROS AL R.F.C. GME540707CD1
0559478361|17/04/2017|17/04/2017|0000170417|COM OPER INET|726|4264|$0.00|$3.00|$284,370.33|105338|Operacion Conexion Banorte
0559478361|17/04/2017|17/04/2017|0000170417|I.V.A.|517|4264|$0.00|$0.48|$284,369.85|105339|Operacion Conexion Banorte
0559478361|17/04/2017|17/04/2017|0000000001|DEPOSITO DE CUENTA DE TERCEROS|263|8846|$186,180.72|$0.00|$470,550.57|105340|DE LA CUENTA 0403127940, COMPRA DE GAS METRO
0559478361|17/04/2017|17/04/2017|0000000001|DEPOSITO DE CUENTA DE TERCEROS|263|8846|$178,608.35|$0.00|$649,158.92|105341|DE LA CUENTA 0403127940, COMPRA DE GAS METRO
0559478361|17/04/2017|17/04/2017|0000000001|DEPOSITO DE CUENTA DE TERCEROS|263|8846|$184,160.79|$0.00|$833,319.71|105342|DE LA CUENTA 0403127940, COMPRA DE GAS METRO
0559478361|17/04/2017|17/04/2017|0000000001|DEPOSITO DE CUENTA DE TERCEROS|263|8846|$179,511.14|$0.00|$1,012,830.85|105343|DE LA CUENTA 0403127940, COMPRA DE GAS METRO
0559478361|17/04/2017|17/04/2017|0000000001|DEPOSITO DE CUENTA DE TERCEROS|263|8846|$178,957.13|$0.00|$1,191,787.98|105344|DE LA CUENTA 0403127940, COMPRA DE GAS METRO
0559478361|17/04/2017|17/04/2017|0000000001|DEPOSITO DE CUENTA DE TERCEROS|263|8846|$184,524.10|$0.00|$1,376,312.08|105345|DE LA CUENTA 0403127940, COMPRA DE GAS METRO
0559478361|17/04/2017|17/04/2017|0000000001|DEPOSITO DE CUENTA DE TERCEROS|263|8846|$240,603.14|$0.00|$1,616,915.22|105346|DE LA CUENTA 0403127940, COMPRA DE GAS METRO
0559478361|17/04/2017|17/04/2017|0000170417|TRANSF ELECTRONICA FONDOS: TEF|503|8846|$0.00|$560.28|$1,616,354.94|105347|CLABE: 127180013417774625, BEM TEF.BCO:127  ERENDIRA RANGEL ROMO, CVE.RASTREO:1010667 RFC: RARE010101010  IVA:00000000.00, PENSION ALIMENTICIA SEM 15
0559478361|17/04/2017|17/04/2017|0000000000|Comision x Internet 170417|727|8846|$0.00|$3.00|$1,616,351.94|105348|Transferencias TEF
0559478361|17/04/2017|17/04/2017|0000000000|IVA Com  x Internet 170417|517|8846|$0.00|$0.48|$1,616,351.46|105349|Transferencias TEF
0559478361|17/04/2017|17/04/2017|0000000000|CARGO POR PAGO CONCENTRACION|503|8846|$0.00|$5,301.20|$1,611,050.26|105350|BEM OPAM            0000000000000000000000000000000000570701, AL RFC OPA010719SF0, RAS 88467107960567064137  FAC 064137
0559478361|17/04/2017|17/04/2017|0000000000|2017041740014 TCT0000462252190|003|5663|$191,804.83|$0.00|$1,802,855.09|105351|SPEI RECIBIDO DEL BANCO 0014 SANTANDER, DEL CLIENTE GAS O LENA SA DE CV, DE LA CLABE 014261655041710474   CON RFC ND, CONCEPTO: 32721, REFERENCIA: 0000001 CVE RAST: 2017041740014 TCT0000462252190
0559478361|17/04/2017|17/04/2017|0000000000|2017041740014 TCT0000462252160|003|5663|$188,144.72|$0.00|$1,990,999.81|105352|SPEI RECIBIDO DEL BANCO 0014 SANTANDER, DEL CLIENTE GAS O LENA SA DE CV, DE LA CLABE 014261655041710474   CON RFC ND, CONCEPTO: 32730, REFERENCIA: 0000001 CVE RAST: 2017041740014 TCT0000462252160
0559478361|17/04/2017|17/04/2017|0000000000|2017041740014 TCT0000462252120|003|5663|$193,471.05|$0.00|$2,184,470.86|105353|SPEI RECIBIDO DEL BANCO 0014 SANTANDER, DEL CLIENTE GAS O LENA SA DE CV, DE LA CLABE 014261655041710474   CON RFC ND, CONCEPTO: 32527, REFERENCIA: 0000001 CVE RAST: 2017041740014 TCT0000462252120
0559478361|17/04/2017|17/04/2017|0000000000|2017041740014 TCT0000463058250|003|5663|$10,930.44|$0.00|$2,195,401.30|105354|SPEI RECIBIDO DEL BANCO 0014 SANTANDER, DEL CLIENTE EFECTIVALE S DE RL DE CV, DE LA CLABE 014180655012330142   CON RFC ND, CONCEPTO: Pago Efectivale D GAS METROPOLI, REFERENCIA: 0000001 CVE RAST: 2017041740014 TCT0000463058250
0559478361|17/04/2017|17/04/2017|0000000000|2017041740014 TCT0000463210730|003|5663|$193,405.12|$0.00|$2,388,806.42|105355|SPEI RECIBIDO DEL BANCO 0014 SANTANDER, DEL CLIENTE GAS O LENA SA DE CV, DE LA CLABE 014261655041710474   CON RFC ND, CONCEPTO: 32934, REFERENCIA: 0000001 CVE RAST: 2017041740014 TCT0000463210730
0559478361|17/04/2017|17/04/2017|0000000000|2017041740014 TCT0000463210860|003|5663|$189,934.82|$0.00|$2,578,741.24|105356|SPEI RECIBIDO DEL BANCO 0014 SANTANDER, DEL CLIENTE GAS O LENA SA DE CV, DE LA CLABE 014261655041710474   CON RFC ND, CONCEPTO: 32933, REFERENCIA: 0000001 CVE RAST: 2017041740014 TCT0000463210860
0559478361|17/04/2017|17/04/2017|2644040000|DEPOSITO DE CUENTA DE TERCEROS|263|8846|$59,105.70|$0.00|$2,637,846.94|105357|DE LA CUENTA 0614638952, GL264404 GAS METROPOLITANO SA
0559478361|18/04/2017|18/04/2017|0000160660|DEPOSITO DE CUENTA DE TERCEROS|263|8846|$8,003.52|$0.00|$2,645,850.46|105358|DE LA CUENTA 0471879202, Folio XLGE 160660
0559478361|18/04/2017|18/04/2017|0000180417|COMPRA ORDEN DE PAGO SPEI|511|8846|$0.00|$1,510.00|$2,644,340.46|105359|= REFERENCIA  CTA/CLABE: 002180025641621783, BEM SPEI, BCO:002 BENEFICIARIO:SISTEMA DE CONTROL ATMOSFERIC, PAGO FACT 13374, CVE RASTREO: 8846CAP2201704180441450736 RFC: SCA970114G38, IVA: 000000000208.28 BANAMEX
0559478361|18/04/2017|18/04/2017|0000000000|COMISION ORDEN DE PAGO SPEI|537|8846|$0.00|$8.90|$2,644,331.56|105360|REFERENCIA: 0180417
0559478361|18/04/2017|18/04/2017|0000000000|I.V.A. ORDEN DE PAGO SPEI|517|8846|$0.00|$1.42|$2,644,330.14|105361|REFERENCIA: 0180417
0559478361|18/04/2017|18/04/2017|0000180417|DEPOSITO DE CUENTA DE TERCEROS|263|7279|$131.04|$0.00|$2,644,461.18|105362|DE LA CUENTA 0229242481, factura 929170
0559478361|18/04/2017|18/04/2017|0000180417|DEPOSITO DE CUENTA DE TERCEROS|263|8846|$3,469.78|$0.00|$2,647,930.96|105363|DE LA CUENTA 0587447089, Suministro de gas Duero
0559478361|18/04/2017|18/04/2017|0000004856|COMPRA ORDEN DE PAGO SPEI|511|8846|$0.00|$404.67|$2,647,526.29|105364|= REFERENCIA  CTA/CLABE: 012914002009036555, BEM SPEI, BCO:012 BENEFICIARIO:OPERADORA  CONCESIONARIA MEXI, 00005094867, CVE RASTREO: 8846APA7201704180441515715 RFC: OCM750505CE5, IVA: 000000000055.82 BBVA BANCOMER
0559478361|18/04/2017|18/04/2017|0000000000|COMISION ORDEN DE PAGO SPEI|537|8846|$0.00|$8.90|$2,647,517.39|105365|REFERENCIA: 0004856
0559478361|18/04/2017|18/04/2017|0000000000|I.V.A. ORDEN DE PAGO SPEI|517|8846|$0.00|$1.42|$2,647,515.97|105366|REFERENCIA: 0004856
0559478361|18/04/2017|18/04/2017|0000180417|COMPRA ORDEN DE PAGO SPEI|511|8846|$0.00|$62.00|$2,647,453.97|105367|= REFERENCIA  CTA/CLABE: 012914002009036555, BEM SPEI, BCO:012 BENEFICIARIO:OPERADORA  CONCESIONARIA MEXI, 00005094867, CVE RASTREO: 8846APA7201704180441515717 RFC: OCM750505CE5, IVA: 000000000008.55 BBVA BANCOMER
0559478361|18/04/2017|18/04/2017|0000000000|COMISION ORDEN DE PAGO SPEI|537|8846|$0.00|$8.90|$2,647,445.07|105368|REFERENCIA: 0180417
0559478361|18/04/2017|18/04/2017|0000000000|I.V.A. ORDEN DE PAGO SPEI|517|8846|$0.00|$1.42|$2,647,443.65|105369|REFERENCIA: 0180417
0559478361|18/04/2017|18/04/2017|0000180417|COMPRA ORDEN DE PAGO SPEI|511|8846|$0.00|$618.00|$2,646,825.65|105370|= REFERENCIA  CTA/CLABE: 012914002009036555, BEM SPEI, BCO:012 BENEFICIARIO:OPERADORA  CONCESIONARIA MEXI, 00005094867, CVE RASTREO: 8846CAP4201704180441515718 RFC: OCM750505CE5, IVA: 000000000085.24 BBVA BANCOMER
0559478361|18/04/2017|18/04/2017|0000000000|COMISION ORDEN DE PAGO SPEI|537|8846|$0.00|$8.90|$2,646,816.75|105371|REFERENCIA: 0180417
0559478361|18/04/2017|18/04/2017|0000000000|I.V.A. ORDEN DE PAGO SPEI|517|8846|$0.00|$1.42|$2,646,815.33|105372|REFERENCIA: 0180417
0559478361|18/04/2017|18/04/2017|0000180417|COMPRA ORDEN DE PAGO SPEI|511|8846|$0.00|$27,427.79|$2,619,387.54|105373|= REFERENCIA  CTA/CLABE: 012914002009036555, BEM SPEI, BCO:012 BENEFICIARIO:OPERADORA  CONCESIONARIA MEXI, 00005094867, CVE RASTREO: 8846CAP2201704180441515720 RFC: OCM750505CE5, IVA: 000000003783.14 BBVA BANCOMER
0559478361|18/04/2017|18/04/2017|0000000000|COMISION ORDEN DE PAGO SPEI|537|8846|$0.00|$8.90|$2,619,378.64|105374|REFERENCIA: 0180417
0559478361|18/04/2017|18/04/2017|0000000000|I.V.A. ORDEN DE PAGO SPEI|517|8846|$0.00|$1.42|$2,619,377.22|105375|REFERENCIA: 0180417
0559478361|18/04/2017|18/04/2017|0000180417|COMPRA ORDEN DE PAGO SPEI|511|8846|$0.00|$12,236.00|$2,607,141.22|105376|= REFERENCIA  CTA/CLABE: 012914002009036555, BEM SPEI, BCO:012 BENEFICIARIO:OPERADORA  CONCESIONARIA MEXI, 00005094867, CVE RASTREO: 8846CAP4201704180441515722 RFC: OCM750505CE5, IVA: 000000001687.72 BBVA BANCOMER
0559478361|18/04/2017|18/04/2017|0000000000|COMISION ORDEN DE PAGO SPEI|537|8846|$0.00|$8.90|$2,607,132.32|105377|REFERENCIA: 0180417
0559478361|18/04/2017|18/04/2017|0000000000|I.V.A. ORDEN DE PAGO SPEI|517|8846|$0.00|$1.42|$2,607,130.90|105378|REFERENCIA: 0180417
0559478361|18/04/2017|18/04/2017|0000180417|COMPRA ORDEN DE PAGO SPEI|511|8846|$0.00|$442.85|$2,606,688.05|105379|= REFERENCIA  CTA/CLABE: 012914002009036555, BEM SPEI, BCO:012 BENEFICIARIO:OPERADORA  CONCESIONARIA MEXI, 00005094867, CVE RASTREO: 8846CAP1201704180441515723 RFC: OCM750505CE5, IVA: 000000000061.08 BBVA BANCOMER
0559478361|18/04/2017|18/04/2017|0000000000|COMISION ORDEN DE PAGO SPEI|537|8846|$0.00|$8.90|$2,606,679.15|105380|REFERENCIA: 0180417
0559478361|18/04/2017|18/04/2017|0000000000|I.V.A. ORDEN DE PAGO SPEI|517|8846|$0.00|$1.42|$2,606,677.73|105381|REFERENCIA: 0180417
0559478361|18/04/2017|18/04/2017|0000004856|COMPRA ORDEN DE PAGO SPEI|511|8846|$0.00|$310,297.05|$2,296,380.68|105382|= REFERENCIA  CTA/CLABE: 014180655026013015, BEM SPEI, BCO:014 BENEFICIARIO:CONSORCIO GASOLINERO PLUS SA, C4856 DIESEL ATQS FACT GI 303585, CVE RASTREO: 8846APAB201704180441515725 RFC: CGP970522EE4, IVA: 000000041998.13 SANTANDER
0559478361|18/04/2017|18/04/2017|0000000000|COMISION ORDEN DE PAGO SPEI|537|8846|$0.00|$8.90|$2,296,371.78|105383|REFERENCIA: 0004856
0559478361|18/04/2017|18/04/2017|0000000000|I.V.A. ORDEN DE PAGO SPEI|517|8846|$0.00|$1.42|$2,296,370.36|105384|REFERENCIA: 0004856
0559478361|18/04/2017|18/04/2017|0000000000|BNET01001704180000115375|003|5663|$6,779.70|$0.00|$2,303,150.06|105385|SPEI RECIBIDO DEL BANCO 0012 BBVA BANCOMER, DEL CLIENTE GRUPO DABESARE SAPI DE CV, DE LA CLABE 012180001039926910   CON RFC GDA150930EIA, CONCEPTO: GAS LP 110417, REFERENCIA: 0180417 CVE RAST: BNET01001704180000115375
0559478361|18/04/2017|18/04/2017|0000000000|2017041840014 TCT0000465505440|003|5663|$537.60|$0.00|$2,303,687.66|105386|SPEI RECIBIDO DEL BANCO 0014 SANTANDER, DEL CLIENTE EFECTIVALE S DE RL DE CV, DE LA CLABE 014180655012330142   CON RFC ND, CONCEPTO: Pago Efectivale D GAS METROPOLI, REFERENCIA: 0000001 CVE RAST: 2017041840014 TCT0000465505440
0559478361|18/04/2017|18/04/2017|0000000000|2017041840014 TCT0000465931780|003|5663|$241,078.98|$0.00|$2,544,766.64|105387|SPEI RECIBIDO DEL BANCO 0014 SANTANDER, DEL CLIENTE GAS O LENA SA DE CV, DE LA CLABE 014261655041710474   CON RFC ND, CONCEPTO: 33444, REFERENCIA: 0000001 CVE RAST: 2017041840014 TCT0000465931780
0559478361|18/04/2017|18/04/2017|0000180417|DEPOSITO DE CUENTA DE TERCEROS|263|8846|$9,134.43|$0.00|$2,553,901.07|105388|DE LA CUENTA 0692650224, gaslp
0559478361|18/04/2017|18/04/2017|0000000001|DEPOSITO DE CUENTA DE TERCEROS|263|8846|$190,455.44|$0.00|$2,744,356.51|105389|DE LA CUENTA 0403127940, COMPRA DE GAS METRO
0559478361|18/04/2017|18/04/2017|0000000001|DEPOSITO DE CUENTA DE TERCEROS|263|8846|$188,707.97|$0.00|$2,933,064.48|105390|DE LA CUENTA 0403127940, COMPRA DE GAS METRO
0559478361|18/04/2017|18/04/2017|0000000001|DEPOSITO DE CUENTA DE TERCEROS|263|8846|$177,518.53|$0.00|$3,110,583.01|105391|DE LA CUENTA 0403127940, COMPRA DE GAS METRO
0559478361|18/04/2017|18/04/2017|0000180417|TRASPASO A CUENTA PROPIA|790|8846|$0.00|$291,439.43|$2,819,143.58|105392|IVA:00041634.20    , A LA CUENTA 0812929540, FACTURAS VARIAS AL R.F.C. THI750725EX3
0559478361|18/04/2017|18/04/2017|0000180417|DEPOSITO DE CUENTA DE TERCEROS|263|8846|$107,662.44|$0.00|$2,926,806.02|105393|DE LA CUENTA 0674931198, FACTURAS 4915-4922
0559478361|18/04/2017|18/04/2017|0000180417|TRANSF ELECTRONICA FONDOS: TEF|503|8846|$0.00|$207,060.00|$2,719,746.02|105394|CLABE: 044180001046141112, BEM TEF.BCO:044  V V CONSULTING SC, CVE.RASTREO:1038246 RFC: VVC060106EUA   IVA:00028560.00, FACT 171
0559478361|18/04/2017|18/04/2017|0000180417|TRANSF ELECTRONICA FONDOS: TEF|503|8846|$0.00|$65,702.40|$2,654,043.62|105395|CLABE: 002180700776621520, BEM TEF.BCO:002  JOSE LUIS SUSTAITA YSAIS, CVE.RASTREO:1038247 RFC: SUYL660815RZ8  IVA:00009062.40, FACTS 513 512 510 Y 515
0559478361|18/04/2017|18/04/2017|0000000000|Comision x Internet 180417|727|8846|$0.00|$3.00|$2,654,040.62|105396|Transferencias TEF
0559478361|18/04/2017|18/04/2017|0000000000|IVA Com  x Internet 180417|517|8846|$0.00|$0.48|$2,654,040.14|105397|Transferencias TEF
0559478361|18/04/2017|18/04/2017|0000000000|Comision x Internet 180417|727|8846|$0.00|$3.00|$2,654,037.14|105398|Transferencias TEF
0559478361|18/04/2017|18/04/2017|0000000000|IVA Com  x Internet 180417|517|8846|$0.00|$0.48|$2,654,036.66|105399|Transferencias TEF
0559478361|18/04/2017|18/04/2017|0000000000|CARGO POR PAGO CONCENTRACION|503|8846|$0.00|$990.06|$2,653,046.60|105400|BEM ADT PRIVATE SEC 0000000000000000000000000000000703304204, AL RFC APS080728RT5, RAS 88467108169034056115  FAC 056115
0559478361|18/04/2017|18/04/2017|0000000000|CARGO POR PAGO CONCENTRACION|503|8846|$0.00|$1,020.58|$2,652,026.02|105401|BEM ADT PRIVATE SEC 0000000000000000000000000000000703389601, AL RFC APS080728RT5, RAS 88467108169035056115  FAC 056115
0559478361|18/04/2017|18/04/2017|0000000000|CARGO POR PAGO CONCENTRACION|503|8846|$0.00|$1,009.81|$2,651,016.21|105402|BEM ADT PRIVATE SEC 0000000000000000000000000000000703068114, AL RFC APS080728RT5, RAS 88467108169036056115  FAC 056115
0559478361|18/04/2017|18/04/2017|0000000000|CARGO POR PAGO CONCENTRACION|503|8846|$0.00|$143,567.63|$2,507,448.58|105403|BEM TELCEL (RADIO M 0000000000000000000000000000900198448515, AL RFC RDI841003QJ4, RAS 88467108169037037478  FAC 037478
0559478361|18/04/2017|18/04/2017|0000000000|CARGO POR PAGO CONCENTRACION|503|8846|$0.00|$45,334.24|$2,462,114.34|105404|BEM TELCEL (RADIO M 0000000000000000000000000000900945694366, AL RFC RDI841003QJ4, RAS 88467108169038037478  FAC 037478
0559478361|18/04/2017|18/04/2017|0000000000|CARGO POR PAGO CONCENTRACION|503|8846|$0.00|$192,465.46|$2,269,648.88|105405|BEM QUALITAS COMPAN 0000000000000000000004011949761612301245, AL RFC QCS931209G49, RAS 88467108169039052953  FAC 052953
0559478361|18/04/2017|18/04/2017|0000000000|CARGO POR PAGO CONCENTRACION|503|8846|$0.00|$141,414.41|$2,128,234.47|105406|BEM QUALITAS COMPAN 0000000000000000000004011949572912304216, AL RFC QCS931209G49, RAS 88467108169040052953  FAC 052953
0559478361|18/04/2017|18/04/2017|0000000000|CARGO POR PAGO CONCENTRACION|503|8846|$0.00|$160,963.42|$1,967,271.05|105407|BEM QUALITAS COMPAN 0000000000000000000004011876883712303271, AL RFC QCS931209G49, RAS 88467108169041052953  FAC 052953
0559478361|18/04/2017|18/04/2017|0000180417|1041480CARGO TRANSFERENCIA ELE|503|4264|$0.00|$17,019.52|$1,950,251.53|105408|CTA/CLABE: 044180001035205250, CB TEF, BCO 044,BENEFICIARIO SANCHEZ ISLAS FLAVIO JESUS, CVE RASTREO:    1041480 RFC: SAIF620410PH0, AL R.F.C.                IVA:00000000.00, 320316A317A315A319318A
0559478361|18/04/2017|18/04/2017|0000180417|COM OPER INET|726|4264|$0.00|$3.00|$1,950,248.53|105409|Operacion Conexion Banorte
0559478361|18/04/2017|18/04/2017|0000180417|I.V.A.|517|4264|$0.00|$0.48|$1,950,248.05|105410|Operacion Conexion Banorte
0559478361|18/04/2017|18/04/2017|0000180417|1041481CARGO TRANSFERENCIA ELE|503|4264|$0.00|$42,431.64|$1,907,816.41|105411|CTA/CLABE: 002456700925756064, CB TEF, BCO 002,BENEFICIARIO GONZALEZ CESAREO BRENDA, CVE RASTREO:    1041481 RFC: GOCB961125V13, AL R.F.C.                IVA:00000000.00, 134
0559478361|18/04/2017|18/04/2017|0000180417|COM OPER INET|726|4264|$0.00|$3.00|$1,907,813.41|105412|Operacion Conexion Banorte
0559478361|18/04/2017|18/04/2017|0000180417|I.V.A.|517|4264|$0.00|$0.48|$1,907,812.93|105413|Operacion Conexion Banorte
0559478361|18/04/2017|18/04/2017|0000180417|1041482CARGO TRANSFERENCIA ELE|503|4264|$0.00|$5,846.40|$1,901,966.53|105414|CTA/CLABE: 021180040591842911, CB TEF, BCO 021,BENEFICIARIO REYES PEREZ ERICK, CVE RASTREO:    1041482 RFC: REPE700922IH7, AL R.F.C.                IVA:00000000.00, 512503502496
0559478361|18/04/2017|18/04/2017|0000180417|COM OPER INET|726|4264|$0.00|$3.00|$1,901,963.53|105415|Operacion Conexion Banorte
0559478361|18/04/2017|18/04/2017|0000180417|I.V.A.|517|4264|$0.00|$0.48|$1,901,963.05|105416|Operacion Conexion Banorte
0559478361|18/04/2017|18/04/2017|0000180417|1041483CARGO TRANSFERENCIA ELE|503|4264|$0.00|$8,311.40|$1,893,651.65|105417|CTA/CLABE: 030180900005911210, CB TEF, BCO 030,BENEFICIARIO RODRIGUEZ SOLIS JORGE, CVE RASTREO:    1041483 RFC: ROSJ710914F27, AL R.F.C.                IVA:00000000.00, 15615515315215415014414
0559478361|18/04/2017|18/04/2017|0000180417|COM OPER INET|726|4264|$0.00|$3.00|$1,893,648.65|105418|Operacion Conexion Banorte
0559478361|18/04/2017|18/04/2017|0000180417|I.V.A.|517|4264|$0.00|$0.48|$1,893,648.17|105419|Operacion Conexion Banorte
0559478361|18/04/2017|18/04/2017|0000180417|1041484CARGO TRANSFERENCIA ELE|503|4264|$0.00|$13,920.00|$1,879,728.17|105420|CTA/CLABE: 002180700976858928, CB TEF, BCO 002,BENEFICIARIO GONZALEZ GONZALEZ LUZ MARIA, CVE RASTREO:    1041484 RFC: GOGL680529HR4, AL R.F.C.                IVA:00000000.00, A181A180A179
0559478361|18/04/2017|18/04/2017|0000180417|COM OPER INET|726|4264|$0.00|$3.00|$1,879,725.17|105421|Operacion Conexion Banorte
0559478361|18/04/2017|18/04/2017|0000180417|I.V.A.|517|4264|$0.00|$0.48|$1,879,724.69|105422|Operacion Conexion Banorte
0559478361|18/04/2017|18/04/2017|0000180417|1041485CARGO TRANSFERENCIA ELE|503|4264|$0.00|$19,728.70|$1,859,995.99|105423|CTA/CLABE: 002100700284254207, CB TEF, BCO 002,BENEFICIARIO AKABELA AVANZADO EN COMUNICACI, CVE RASTREO:    1041485 RFC: AAC120126KCA, AL R.F.C.                IVA:00000000.00, FACTURA834FACTURA833
0559478361|18/04/2017|18/04/2017|0000180417|COM OPER INET|726|4264|$0.00|$3.00|$1,859,992.99|105424|Operacion Conexion Banorte
0559478361|18/04/2017|18/04/2017|0000180417|I.V.A.|517|4264|$0.00|$0.48|$1,859,992.51|105425|Operacion Conexion Banorte
0559478361|18/04/2017|18/04/2017|0000180417|1041486CARGO TRANSFERENCIA ELE|503|4264|$0.00|$22,400.00|$1,837,592.51|105426|CTA/CLABE: 012180001496697604, CB TEF, BCO 012,BENEFICIARIO FLORES VALDEZ VICTOR ERICK, CVE RASTREO:    1041486 RFC: FOVV790211J57, AL R.F.C.                IVA:00000000.00, TERCEROS
0559478361|18/04/2017|18/04/2017|0000180417|COM OPER INET|726|4264|$0.00|$3.00|$1,837,589.51|105427|Operacion Conexion Banorte
0559478361|18/04/2017|18/04/2017|0000180417|I.V.A.|517|4264|$0.00|$0.48|$1,837,589.03|105428|Operacion Conexion Banorte
0559478361|18/04/2017|18/04/2017|0000180417|1041487CARGO TRANSFERENCIA ELE|503|4264|$0.00|$12,760.98|$1,824,828.05|105429|CTA/CLABE: 002180700841205198, CB TEF, BCO 002,BENEFICIARIO MOLINA ACOSTA JOSE MARTIN, CVE RASTREO:    1041487 RFC: MOAM700824MI0, AL R.F.C.                IVA:00000000.00, DD24
0559478361|18/04/2017|18/04/2017|0000180417|COM OPER INET|726|4264|$0.00|$3.00|$1,824,825.05|105430|Operacion Conexion Banorte
0559478361|18/04/2017|18/04/2017|0000180417|I.V.A.|517|4264|$0.00|$0.48|$1,824,824.57|105431|Operacion Conexion Banorte
0559478361|18/04/2017|18/04/2017|0000180417|1041488CARGO TRANSFERENCIA ELE|503|4264|$0.00|$13,257.63|$1,811,566.94|105432|CTA/CLABE: 012180001982113100, CB TEF, BCO 012,BENEFICIARIO MORALES JARA JOSE LUIS, CVE RASTREO:    1041488 RFC: MOJL7308253Y5, AL R.F.C.                IVA:00000000.00, A724A723A726A727A722A718
0559478361|18/04/2017|18/04/2017|0000180417|COM OPER INET|726|4264|$0.00|$3.00|$1,811,563.94|105433|Operacion Conexion Banorte
0559478361|18/04/2017|18/04/2017|0000180417|I.V.A.|517|4264|$0.00|$0.48|$1,811,563.46|105434|Operacion Conexion Banorte
0559478361|18/04/2017|18/04/2017|0000180417|1041489CARGO TRANSFERENCIA ELE|503|4264|$0.00|$64,449.57|$1,747,113.89|105435|CTA/CLABE: 012180001937189134, CB TEF, BCO 012,BENEFICIARIO CAMIONES REPUESTOS Y ACCESORIO, CVE RASTREO:    1041489 RFC: CRA130717JE6, AL R.F.C.                IVA:00000000.00, FA28331FA28340FA28181FA2824
0559478361|18/04/2017|18/04/2017|0000180417|COM OPER INET|726|4264|$0.00|$3.00|$1,747,110.89|105436|Operacion Conexion Banorte
0559478361|18/04/2017|18/04/2017|0000180417|I.V.A.|517|4264|$0.00|$0.48|$1,747,110.41|105437|Operacion Conexion Banorte
0559478361|18/04/2017|18/04/2017|0000180417|1041490CARGO TRANSFERENCIA ELE|503|4264|$0.00|$3,132.00|$1,743,978.41|105438|CTA/CLABE: 002308700637409757, CB TEF, BCO 002,BENEFICIARIO CASPISAM SA DE CV, CVE RASTREO:    1041490 RFC: CAS1401075K0, AL R.F.C.                IVA:00000000.00, A1138
0559478361|18/04/2017|18/04/2017|0000180417|COM OPER INET|726|4264|$0.00|$3.00|$1,743,975.41|105439|Operacion Conexion Banorte
0559478361|18/04/2017|18/04/2017|0000180417|I.V.A.|517|4264|$0.00|$0.48|$1,743,974.93|105440|Operacion Conexion Banorte
0559478361|18/04/2017|18/04/2017|0000180417|1041491CARGO TRANSFERENCIA ELE|503|4264|$0.00|$10,904.00|$1,733,070.93|105441|CTA/CLABE: 002180700548365289, CB TEF, BCO 002,BENEFICIARIO ATAM Y ASOCIADOS SC, CVE RASTREO:    1041491 RFC: AAS010313249, AL R.F.C.                IVA:00000000.00, 352348
0559478361|18/04/2017|18/04/2017|0000180417|COM OPER INET|726|4264|$0.00|$3.00|$1,733,067.93|105442|Operacion Conexion Banorte
0559478361|18/04/2017|18/04/2017|0000180417|I.V.A.|517|4264|$0.00|$0.48|$1,733,067.45|105443|Operacion Conexion Banorte
0559478361|18/04/2017|18/04/2017|0000180417|1041492CARGO TRANSFERENCIA ELE|503|4264|$0.00|$127,847.19|$1,605,220.26|105444|CTA/CLABE: 012180001706810919, CB TEF, BCO 012,BENEFICIARIO CENTURY BUSINESS SOLUTIONS  SE, CVE RASTREO:    1041492 RFC: CBS0910073F6, AL R.F.C.                IVA:00000000.00, TERCEROS
0559478361|18/04/2017|18/04/2017|0000180417|COM OPER INET|726|4264|$0.00|$3.00|$1,605,217.26|105445|Operacion Conexion Banorte
0559478361|18/04/2017|18/04/2017|0000180417|I.V.A.|517|4264|$0.00|$0.48|$1,605,216.78|105446|Operacion Conexion Banorte
0559478361|18/04/2017|18/04/2017|0000180417|1041493CARGO TRANSFERENCIA ELE|503|4264|$0.00|$36,849.17|$1,568,367.61|105447|CTA/CLABE: 044320010096188138, CB TEF, BCO 044,BENEFICIARIO AUTO PARTES Y MAS SA DE CV, CVE RASTREO:    1041493 RFC: APM8805092U9, AL R.F.C.                IVA:00000000.00, ECCF108873ECCF108821ECCF1084
0559478361|18/04/2017|18/04/2017|0000180417|COM OPER INET|726|4264|$0.00|$3.00|$1,568,364.61|105448|Operacion Conexion Banorte
0559478361|18/04/2017|18/04/2017|0000180417|I.V.A.|517|4264|$0.00|$0.48|$1,568,364.13|105449|Operacion Conexion Banorte
0559478361|18/04/2017|18/04/2017|0000180417|1041494CARGO TRANSFERENCIA ELE|503|4264|$0.00|$53,468.51|$1,514,895.62|105450|CTA/CLABE: 002180087005216060, CB TEF, BCO 002,BENEFICIARIO ALVAREZ AUTOMOTRIZ SA DE CV, CVE RASTREO:    1041494 RFC: AAU530731462, AL R.F.C.                IVA:00000000.00, PLFA14985PLFA14923PLFA14986
0559478361|18/04/2017|18/04/2017|0000180417|COM OPER INET|726|4264|$0.00|$3.00|$1,514,892.62|105451|Operacion Conexion Banorte
0559478361|18/04/2017|18/04/2017|0000180417|I.V.A.|517|4264|$0.00|$0.48|$1,514,892.14|105452|Operacion Conexion Banorte
0559478361|18/04/2017|18/04/2017|0000180417|1041495CARGO TRANSFERENCIA ELE|503|4264|$0.00|$11,484.00|$1,503,408.14|105453|CTA/CLABE: 021180040138370752, CB TEF, BCO 021,BENEFICIARIO ALVA MEX QUIMICA SA DE CV, CVE RASTREO:    1041495 RFC: AMQ9002135L7, AL R.F.C.                IVA:00000000.00, FOC17557
0559478361|18/04/2017|18/04/2017|0000180417|COM OPER INET|726|4264|$0.00|$3.00|$1,503,405.14|105454|Operacion Conexion Banorte
0559478361|18/04/2017|18/04/2017|0000180417|I.V.A.|517|4264|$0.00|$0.48|$1,503,404.66|105455|Operacion Conexion Banorte
0559478361|18/04/2017|18/04/2017|0000180417|1041496CARGO TRANSFERENCIA ELE|503|4264|$0.00|$12,539.25|$1,490,865.41|105456|CTA/CLABE: 012180001642517091, CB TEF, BCO 012,BENEFICIARIO SERRANO FLORES CLAUDIA PAMELA, CVE RASTREO:    1041496 RFC: SEFC8911019V7, AL R.F.C.                IVA:00000000.00, 53
0559478361|18/04/2017|18/04/2017|0000180417|COM OPER INET|726|4264|$0.00|$3.00|$1,490,862.41|105457|Operacion Conexion Banorte
0559478361|18/04/2017|18/04/2017|0000180417|I.V.A.|517|4264|$0.00|$0.48|$1,490,861.93|105458|Operacion Conexion Banorte
0559478361|18/04/2017|18/04/2017|0000180417|1041497CARGO TRANSFERENCIA ELE|503|4264|$0.00|$12,320.00|$1,478,541.93|105459|CTA/CLABE: 012180012569836857, CB TEF, BCO 012,BENEFICIARIO VICTOR MANUEL SANCHEZ OJEDA, CVE RASTREO:    1041497 RFC: SAOV690621U89, AL R.F.C.                IVA:00000000.00, TERCEROS
0559478361|18/04/2017|18/04/2017|0000180417|COM OPER INET|726|4264|$0.00|$3.00|$1,478,538.93|105460|Operacion Conexion Banorte
0559478361|18/04/2017|18/04/2017|0000180417|I.V.A.|517|4264|$0.00|$0.48|$1,478,538.45|105461|Operacion Conexion Banorte
0559478361|18/04/2017|18/04/2017|0000180417|1041498CARGO TRANSFERENCIA ELE|503|4264|$0.00|$12,543.63|$1,465,994.82|105462|CTA/CLABE: 002180409000864257, CB TEF, BCO 002,BENEFICIARIO CUEVAS ORTIZ JAIME, CVE RASTREO:    1041498 RFC: CUOJ5605188Y7, AL R.F.C.                IVA:00000000.00, A2810A2809A2808A2802A2811
0559478361|18/04/2017|18/04/2017|0000180417|COM OPER INET|726|4264|$0.00|$3.00|$1,465,991.82|105463|Operacion Conexion Banorte
0559478361|18/04/2017|18/04/2017|0000180417|I.V.A.|517|4264|$0.00|$0.48|$1,465,991.34|105464|Operacion Conexion Banorte
0559478361|18/04/2017|18/04/2017|0000180417|1041499CARGO TRANSFERENCIA ELE|503|4264|$0.00|$31,897.68|$1,434,093.66|105465|CTA/CLABE: 002180021809636459, CB TEF, BCO 002,BENEFICIARIO CASTRO ROSAS FELIX, CVE RASTREO:    1041499 RFC: CARF7009225M7, AL R.F.C.                IVA:00000000.00, A1572A1556A1555
0559478361|18/04/2017|18/04/2017|0000180417|COM OPER INET|726|4264|$0.00|$3.00|$1,434,090.66|105466|Operacion Conexion Banorte
0559478361|18/04/2017|18/04/2017|0000180417|I.V.A.|517|4264|$0.00|$0.48|$1,434,090.18|105467|Operacion Conexion Banorte
0559478361|18/04/2017|18/04/2017|0000180417|1041500CARGO TRANSFERENCIA ELE|503|4264|$0.00|$24,884.54|$1,409,205.64|105468|CTA/CLABE: 002180057484353626, CB TEF, BCO 002,BENEFICIARIO TREJO ZARATE MARIA DEL PILAR, CVE RASTREO:    1041500 RFC: TEZP5302045P8, AL R.F.C.                IVA:00000000.00, C11972C11974C11975C11982C1
0559478361|18/04/2017|18/04/2017|0000180417|COM OPER INET|726|4264|$0.00|$3.00|$1,409,202.64|105469|Operacion Conexion Banorte
0559478361|18/04/2017|18/04/2017|0000180417|I.V.A.|517|4264|$0.00|$0.48|$1,409,202.16|105470|Operacion Conexion Banorte
0559478361|18/04/2017|18/04/2017|0000180417|1041501CARGO TRANSFERENCIA ELE|503|4264|$0.00|$7,979.17|$1,401,222.99|105471|CTA/CLABE: 021308062062574633, CB TEF, BCO 021,BENEFICIARIO NIETO SOLIS ISRAEL, CVE RASTREO:    1041501 RFC: NISI7606236I6, AL R.F.C.                IVA:00000000.00, B948B939
0559478361|18/04/2017|18/04/2017|0000180417|COM OPER INET|726|4264|$0.00|$3.00|$1,401,219.99|105472|Operacion Conexion Banorte
0559478361|18/04/2017|18/04/2017|0000180417|I.V.A.|517|4264|$0.00|$0.48|$1,401,219.51|105473|Operacion Conexion Banorte
0559478361|18/04/2017|18/04/2017|0000180417|1041502CARGO TRANSFERENCIA ELE|503|4264|$0.00|$9,872.34|$1,391,347.17|105474|CTA/CLABE: 012180001460108491, CB TEF, BCO 012,BENEFICIARIO CEDEGAS SA DE CV, CVE RASTREO:    1041502 RFC: CED041122ABA, AL R.F.C.                IVA:00000000.00, C19529C19390C19391
0559478361|18/04/2017|18/04/2017|0000180417|COM OPER INET|726|4264|$0.00|$3.00|$1,391,344.17|105475|Operacion Conexion Banorte
0559478361|18/04/2017|18/04/2017|0000180417|I.V.A.|517|4264|$0.00|$0.48|$1,391,343.69|105476|Operacion Conexion Banorte
0559478361|18/04/2017|18/04/2017|0000180417|1041504CARGO TRANSFERENCIA ELE|503|4264|$0.00|$26,912.00|$1,364,431.69|105477|CTA/CLABE: 021180040210171730, CB TEF, BCO 021,BENEFICIARIO SANDOVAL FLORES ANGEL, CVE RASTREO:    1041504 RFC: SAFA5112042L4, AL R.F.C.                IVA:00000000.00, A1499A1485A1481
0559478361|18/04/2017|18/04/2017|0000180417|COM OPER INET|726|4264|$0.00|$3.00|$1,364,428.69|105478|Operacion Conexion Banorte
0559478361|18/04/2017|18/04/2017|0000180417|I.V.A.|517|4264|$0.00|$0.48|$1,364,428.21|105479|Operacion Conexion Banorte
0559478361|18/04/2017|18/04/2017|0000180417|1041505CARGO TRANSFERENCIA ELE|503|4264|$0.00|$12,393.20|$1,352,035.01|105480|CTA/CLABE: 002180051857604319, CB TEF, BCO 002,BENEFICIARIO CERNA GONZALEZ ANTONIO, CVE RASTREO:    1041505 RFC: CEGA410720AHA, AL R.F.C.                IVA:00000000.00, TERCEROS
0559478361|18/04/2017|18/04/2017|0000180417|COM OPER INET|726|4264|$0.00|$3.00|$1,352,032.01|105481|Operacion Conexion Banorte
0559478361|18/04/2017|18/04/2017|0000180417|I.V.A.|517|4264|$0.00|$0.48|$1,352,031.53|105482|Operacion Conexion Banorte
0559478361|18/04/2017|18/04/2017|0000180417|1041506CARGO TRANSFERENCIA ELE|503|4264|$0.00|$13,850.40|$1,338,181.13|105483|CTA/CLABE: 002180024642193693, CB TEF, BCO 002,BENEFICIARIO JORGE LUIS BRUN TREJO, CVE RASTREO:    1041506 RFC: BUTJ520619KMA, AL R.F.C.                IVA:00000000.00, 134413431345
0559478361|18/04/2017|18/04/2017|0000180417|COM OPER INET|726|4264|$0.00|$3.00|$1,338,178.13|105484|Operacion Conexion Banorte
0559478361|18/04/2017|18/04/2017|0000180417|I.V.A.|517|4264|$0.00|$0.48|$1,338,177.65|105485|Operacion Conexion Banorte
0559478361|18/04/2017|18/04/2017|0000180417|1041507CARGO TRANSFERENCIA ELE|503|4264|$0.00|$4,000.00|$1,334,177.65|105486|CTA/CLABE: 002180497900030973, CB TEF, BCO 002,BENEFICIARIO BADILLO HERNANDEZ JOSE ANTONIO, CVE RASTREO:    1041507 RFC: BAHA690117RG5, AL R.F.C.                IVA:00000000.00, 445
0559478361|18/04/2017|18/04/2017|0000180417|COM OPER INET|726|4264|$0.00|$3.00|$1,334,174.65|105487|Operacion Conexion Banorte
0559478361|18/04/2017|18/04/2017|0000180417|I.V.A.|517|4264|$0.00|$0.48|$1,334,174.17|105488|Operacion Conexion Banorte
0559478361|19/04/2017|19/04/2017|0000180417|TRASPASO  A CTA :   0445211027|504|4264|$0.00|$59,160.00|$1,275,014.17|105489|IVA:00000066.52    ,A CUENTA   0445211027, 128A127A AL R.F.C. GURL5707314C2
0559478361|19/04/2017|19/04/2017|0000180417|COM OPER INET|726|4264|$0.00|$3.00|$1,275,011.17|105490|Operacion Conexion Banorte
0559478361|19/04/2017|19/04/2017|0000180417|I.V.A.|517|4264|$0.00|$0.48|$1,275,010.69|105491|Operacion Conexion Banorte
0559478361|19/04/2017|19/04/2017|0000180417|TRASPASO  A CTA :   0258066838|504|4264|$0.00|$41,517.56|$1,233,493.13|105492|IVA:00000046.68    ,A CUENTA   0258066838, 482463462467 AL R.F.C. ZAGL700910LL9
0559478361|19/04/2017|19/04/2017|0000180417|COM OPER INET|726|4264|$0.00|$3.00|$1,233,490.13|105493|Operacion Conexion Banorte
0559478361|19/04/2017|19/04/2017|0000180417|I.V.A.|517|4264|$0.00|$0.48|$1,233,489.65|105494|Operacion Conexion Banorte
0559478361|19/04/2017|19/04/2017|0000180417|TRASPASO  A CTA :   0634185856|504|4264|$0.00|$55,216.00|$1,178,273.65|105495|IVA:00000062.08    ,A CUENTA   0634185856, A1312A1313 AL R.F.C. AUMR5712159L5
0559478361|19/04/2017|19/04/2017|0000180417|COM OPER INET|726|4264|$0.00|$3.00|$1,178,270.65|105496|Operacion Conexion Banorte
0559478361|19/04/2017|19/04/2017|0000180417|I.V.A.|517|4264|$0.00|$0.48|$1,178,270.17|105497|Operacion Conexion Banorte
0559478361|19/04/2017|19/04/2017|0000012275|CHEQUE 0012275|508|0004|$0.00|$2,000.00|$1,176,270.17|105498|
0559478361|19/04/2017|19/04/2017|0000012276|CHEQUE 0012276|508|0004|$0.00|$5,000.00|$1,171,270.17|105499|
0559478361|19/04/2017|19/04/2017|0000001204|DEPOSITO DE CUENTA DE TERCEROS|263|8846|$8,774.50|$0.00|$1,180,044.67|105500|DE LA CUENTA 0831855864, Fact SJGE918061
0559478361|19/04/2017|19/04/2017|0000000000|2017041940014 TCT0000468085650|003|5663|$25,131.88|$0.00|$1,205,176.55|105501|SPEI RECIBIDO DEL BANCO 0014 SANTANDER, DEL CLIENTE SODEXO MOTIVATION SOLUTIONS MEXICO SA DE, DE LA CLABE 014180655005157662   CON RFC ND, CONCEPTO: 0140241750, REFERENCIA: 6808565 CVE RAST: 2017041940014 TCT0000468085650
0559478361|19/04/2017|19/04/2017|0000190417|1055363CARGO TRANSFERENCIA ELE|503|4264|$0.00|$2,184.18|$1,202,992.37|105502|CTA/CLABE: 014150655031592975, CB TEF, BCO 014,BENEFICIARIO CLES MEXICO SA DE CV, CVE RASTREO:    1055363 RFC: CME021025FI3, AL R.F.C.                IVA:00000000.00, QRO12208
0559478361|19/04/2017|19/04/2017|0000190417|COM OPER INET|726|4264|$0.00|$3.00|$1,202,989.37|105503|Operacion Conexion Banorte
0559478361|19/04/2017|19/04/2017|0000190417|I.V.A.|517|4264|$0.00|$0.48|$1,202,988.89|105504|Operacion Conexion Banorte
0559478361|19/04/2017|19/04/2017|0000190417|TRASPASO  A CTA :   0880244390|504|4264|$0.00|$5,046.00|$1,197,942.89|105505|IVA:00000005.67    ,A CUENTA   0880244390, CFDI650 AL R.F.C. PAC1211081V6
0559478361|19/04/2017|19/04/2017|0000190417|COM OPER INET|726|4264|$0.00|$3.00|$1,197,939.89|105506|Operacion Conexion Banorte
0559478361|19/04/2017|19/04/2017|0000190417|I.V.A.|517|4264|$0.00|$0.48|$1,197,939.41|105507|Operacion Conexion Banorte
0559478361|19/04/2017|19/04/2017|0000190417|1055364CARGO TRANSFERENCIA ELE|503|4264|$0.00|$5,452.00|$1,192,487.41|105508|CTA/CLABE: 012426001039077086, CB TEF, BCO 012,BENEFICIARIO PINTURAS INDUSTRIALES JAM SA D, CVE RASTREO:    1055364 RFC: PIJ150924980, AL R.F.C.                IVA:00000000.00, 144
0559478361|19/04/2017|19/04/2017|0000190417|COM OPER INET|726|4264|$0.00|$3.00|$1,192,484.41|105509|Operacion Conexion Banorte
0559478361|19/04/2017|19/04/2017|0000190417|I.V.A.|517|4264|$0.00|$0.48|$1,192,483.93|105510|Operacion Conexion Banorte
0559478361|19/04/2017|19/04/2017|0000190417|1055365CARGO TRANSFERENCIA ELE|503|4264|$0.00|$7,052.80|$1,185,431.13|105511|CTA/CLABE: 002180414600184021, CB TEF, BCO 002,BENEFICIARIO IMECAF MEXICO SC, CVE RASTREO:    1055365 RFC: IME0111305W3, AL R.F.C.                IVA:00000000.00, 6162
0559478361|19/04/2017|19/04/2017|0000190417|COM OPER INET|726|4264|$0.00|$3.00|$1,185,428.13|105512|Operacion Conexion Banorte
0559478361|19/04/2017|19/04/2017|0000190417|I.V.A.|517|4264|$0.00|$0.48|$1,185,427.65|105513|Operacion Conexion Banorte
0559478361|19/04/2017|19/04/2017|0000190417|1055366CARGO TRANSFERENCIA ELE|503|4264|$0.00|$31,989.84|$1,153,437.81|105514|CTA/CLABE: 012180001582233862, CB TEF, BCO 012,BENEFICIARIO FERRE ACEROS LA COLMENA SA DE, CVE RASTREO:    1055366 RFC: FAC0601112U1, AL R.F.C.                IVA:00000000.00, F26890F26891F26909F26907F2
0559478361|19/04/2017|19/04/2017|0000190417|COM OPER INET|726|4264|$0.00|$3.00|$1,153,434.81|105515|Operacion Conexion Banorte
0559478361|19/04/2017|19/04/2017|0000190417|I.V.A.|517|4264|$0.00|$0.48|$1,153,434.33|105516|Operacion Conexion Banorte
0559478361|19/04/2017|19/04/2017|0000190417|1055367CARGO TRANSFERENCIA ELE|503|4264|$0.00|$22,620.00|$1,130,814.33|105517|CTA/CLABE: 012180001917299772, CB TEF, BCO 012,BENEFICIARIO Corporativo JurIdico Trejo  As, CVE RASTREO:    1055367 RFC: CJT120629QB9, AL R.F.C.                IVA:00000000.00, 151152
0559478361|19/04/2017|19/04/2017|0000190417|COM OPER INET|726|4264|$0.00|$3.00|$1,130,811.33|105518|Operacion Conexion Banorte
0559478361|19/04/2017|19/04/2017|0000190417|I.V.A.|517|4264|$0.00|$0.48|$1,130,810.85|105519|Operacion Conexion Banorte
0559478361|19/04/2017|19/04/2017|0000190417|1055368CARGO TRANSFERENCIA ELE|503|4264|$0.00|$40,720.29|$1,090,090.56|105520|CTA/CLABE: 014180655031351843, CB TEF, BCO 014,BENEFICIARIO IDENTIFICACION ANALISIS Y ADMI, CVE RASTREO:    1055368 RFC: IAA080917QD1, AL R.F.C.                IVA:00000000.00, A3368A3349
0559478361|19/04/2017|19/04/2017|0000190417|COM OPER INET|726|4264|$0.00|$3.00|$1,090,087.56|105521|Operacion Conexion Banorte
0559478361|19/04/2017|19/04/2017|0000190417|I.V.A.|517|4264|$0.00|$0.48|$1,090,087.08|105522|Operacion Conexion Banorte
0559478361|19/04/2017|19/04/2017|0000190417|1055369CARGO TRANSFERENCIA ELE|503|4264|$0.00|$9,918.00|$1,080,169.08|105523|CTA/CLABE: 012180001415697164, CB TEF, BCO 012,BENEFICIARIO IMPRESORAS COMPUTADORAS Y SUMI, CVE RASTREO:    1055369 RFC: ICS0010234I3, AL R.F.C.                IVA:00000000.00, CFDI9352
0559478361|19/04/2017|19/04/2017|0000190417|COM OPER INET|726|4264|$0.00|$3.00|$1,080,166.08|105524|Operacion Conexion Banorte
0559478361|19/04/2017|19/04/2017|0000190417|I.V.A.|517|4264|$0.00|$0.48|$1,080,165.60|105525|Operacion Conexion Banorte
0559478361|19/04/2017|19/04/2017|0000190417|1055370CARGO TRANSFERENCIA ELE|503|4264|$0.00|$21,699.99|$1,058,465.61|105526|CTA/CLABE: 012180001824984565, CB TEF, BCO 012,BENEFICIARIO COMERCIALIZADORA Y SISTEMAS DE, CVE RASTREO:    1055370 RFC: CSE110120E31, AL R.F.C.                IVA:00000000.00, 168316821681167416721673
0559478361|19/04/2017|19/04/2017|0000190417|COM OPER INET|726|4264|$0.00|$3.00|$1,058,462.61|105527|Operacion Conexion Banorte
0559478361|19/04/2017|19/04/2017|0000190417|I.V.A.|517|4264|$0.00|$0.48|$1,058,462.13|105528|Operacion Conexion Banorte
0559478361|19/04/2017|19/04/2017|0000190417|1055371CARGO TRANSFERENCIA ELE|503|4264|$0.00|$44,528.22|$1,013,933.91|105529|CTA/CLABE: 014180920016635015, CB TEF, BCO 014,BENEFICIARIO EMBRAGUES Y FRENOS SAMAR SA DE, CVE RASTREO:    1055371 RFC: EFS1101175F5, AL R.F.C.                IVA:00000000.00, 120512041200120212031201
0559478361|19/04/2017|19/04/2017|0000190417|COM OPER INET|726|4264|$0.00|$3.00|$1,013,930.91|105530|Operacion Conexion Banorte
0559478361|19/04/2017|19/04/2017|0000190417|I.V.A.|517|4264|$0.00|$0.48|$1,013,930.43|105531|Operacion Conexion Banorte
0559478361|19/04/2017|19/04/2017|0000190417|1055372CARGO TRANSFERENCIA ELE|503|4264|$0.00|$55,278.06|$958,652.37|105532|CTA/CLABE: 002180403400399302, CB TEF, BCO 002,BENEFICIARIO MIPREX SA DE CV, CVE RASTREO:    1055372 RFC: MIP110124V56, AL R.F.C.                IVA:00000000.00, 63863663763463563363163
0559478361|19/04/2017|19/04/2017|0000190417|COM OPER INET|726|4264|$0.00|$3.00|$958,649.37|105533|Operacion Conexion Banorte
0559478361|19/04/2017|19/04/2017|0000190417|I.V.A.|517|4264|$0.00|$0.48|$958,648.89|105534|Operacion Conexion Banorte
0559478361|19/04/2017|19/04/2017|0000190417|1055373CARGO TRANSFERENCIA ELE|503|4264|$0.00|$37,220.40|$921,428.49|105535|CTA/CLABE: 002180063379898277, CB TEF, BCO 002,BENEFICIARIO MANGUERAS Y CONEXIONES DEL VAL, CVE RASTREO:    1055373 RFC: MCV091014UW7, AL R.F.C.                IVA:00000000.00, F56238F56053F56002
0559478361|19/04/2017|19/04/2017|0000190417|COM OPER INET|726|4264|$0.00|$3.00|$921,425.49|105536|Operacion Conexion Banorte
0559478361|19/04/2017|19/04/2017|0000190417|I.V.A.|517|4264|$0.00|$0.48|$921,425.01|105537|Operacion Conexion Banorte
0559478361|19/04/2017|19/04/2017|0000190417|1055374CARGO TRANSFERENCIA ELE|503|4264|$0.00|$12,847.00|$908,578.01|105538|CTA/CLABE: 012180001620552528, CB TEF, BCO 012,BENEFICIARIO DISTRIBUIDORA INDUSTRIAL FEGA, CVE RASTREO:    1055374 RFC: DIF080708QW6, AL R.F.C.                IVA:00000000.00, A666A659A660A656A655A624
0559478361|19/04/2017|19/04/2017|0000190417|COM OPER INET|726|4264|$0.00|$3.00|$908,575.01|105539|Operacion Conexion Banorte
0559478361|19/04/2017|19/04/2017|0000190417|I.V.A.|517|4264|$0.00|$0.48|$908,574.53|105540|Operacion Conexion Banorte
0559478361|19/04/2017|19/04/2017|0000190417|1055375CARGO TRANSFERENCIA ELE|503|4264|$0.00|$80,562.09|$828,012.44|105541|CTA/CLABE: 002180014903541460, CB TEF, BCO 002,BENEFICIARIO METINOX SA DE CV, CVE RASTREO:    1055375 RFC: MET8010179E9, AL R.F.C.                IVA:00000000.00, A15458A15383A15342A15240A1
0559478361|19/04/2017|19/04/2017|0000190417|COM OPER INET|726|4264|$0.00|$3.00|$828,009.44|105542|Operacion Conexion Banorte
0559478361|19/04/2017|19/04/2017|0000190417|I.V.A.|517|4264|$0.00|$0.48|$828,008.96|105543|Operacion Conexion Banorte
0559478361|19/04/2017|19/04/2017|0000190417|1055376CARGO TRANSFERENCIA ELE|503|4264|$0.00|$8,248.71|$819,760.25|105544|CTA/CLABE: 002180019468504691, CB TEF, BCO 002,BENEFICIARIO DISTRIBUIDORA SANTIAGO SA DE C, CVE RASTREO:    1055376 RFC: DSA770718UT1, AL R.F.C.                IVA:00000000.00, AAB198045AAB198046AAB198047
0559478361|19/04/2017|19/04/2017|0000190417|COM OPER INET|726|4264|$0.00|$3.00|$819,757.25|105545|Operacion Conexion Banorte
0559478361|19/04/2017|19/04/2017|0000190417|I.V.A.|517|4264|$0.00|$0.48|$819,756.77|105546|Operacion Conexion Banorte
0559478361|19/04/2017|19/04/2017|0000190417|1055377CARGO TRANSFERENCIA ELE|503|4264|$0.00|$9,592.67|$810,164.10|105547|CTA/CLABE: 002180053977244437, CB TEF, BCO 002,BENEFICIARIO FERRETODO MEXICO SA DE CV, CVE RASTREO:    1055377 RFC: FME0612158Y3, AL R.F.C.                IVA:00000000.00, D514438D512562D512563
0559478361|19/04/2017|19/04/2017|0000190417|COM OPER INET|726|4264|$0.00|$3.00|$810,161.10|105548|Operacion Conexion Banorte
0559478361|19/04/2017|19/04/2017|0000190417|I.V.A.|517|4264|$0.00|$0.48|$810,160.62|105549|Operacion Conexion Banorte
0559478361|19/04/2017|19/04/2017|0000190417|TRASPASO  A CTA :   0007632541|504|4264|$0.00|$20,009.15|$790,151.47|105550|IVA:00000023.30    ,A CUENTA   0007632541, TERCEROS AL R.F.C. MTV760226G73
0559478361|19/04/2017|19/04/2017|0000190417|COM OPER INET|726|4264|$0.00|$3.00|$790,148.47|105551|Operacion Conexion Banorte
0559478361|19/04/2017|19/04/2017|0000190417|I.V.A.|517|4264|$0.00|$0.48|$790,147.99|105552|Operacion Conexion Banorte
0559478361|19/04/2017|19/04/2017|0000190417|1055378CARGO TRANSFERENCIA ELE|503|4264|$0.00|$47,984.38|$742,163.61|105553|CTA/CLABE: 012420001372208712, CB TEF, BCO 012,BENEFICIARIO PROVELLANTAS MEXICO SA DE CV, CVE RASTREO:    1055378 RFC: PME0207165BA, AL R.F.C.                IVA:00000000.00, A6914A6884A6833
0559478361|19/04/2017|19/04/2017|0000190417|COM OPER INET|726|4264|$0.00|$3.00|$742,160.61|105554|Operacion Conexion Banorte
0559478361|19/04/2017|19/04/2017|0000190417|I.V.A.|517|4264|$0.00|$0.48|$742,160.13|105555|Operacion Conexion Banorte
0559478361|19/04/2017|19/04/2017|0000190417|1055379CARGO TRANSFERENCIA ELE|503|4264|$0.00|$42,738.35|$699,421.78|105556|CTA/CLABE: 002180408901159017, CB TEF, BCO 002,BENEFICIARIO CRISTOBAL ORTEGA E HIJOS SA DE, CVE RASTREO:    1055379 RFC: COH040902H9A, AL R.F.C.                IVA:00000000.00, 90479001894488918866
0559478361|19/04/2017|19/04/2017|0000190417|COM OPER INET|726|4264|$0.00|$3.00|$699,418.78|105557|Operacion Conexion Banorte
0559478361|19/04/2017|19/04/2017|0000190417|I.V.A.|517|4264|$0.00|$0.48|$699,418.30|105558|Operacion Conexion Banorte
0559478361|19/04/2017|19/04/2017|0000190417|1055380CARGO TRANSFERENCIA ELE|503|4264|$0.00|$18,889.77|$680,528.53|105559|CTA/CLABE: 012180001829399676, CB TEF, BCO 012,BENEFICIARIO MOTOS DEL CENTRO SA DE CV, CVE RASTREO:    1055380 RFC: MCE920520AX2, AL R.F.C.                IVA:00000000.00, G6281G6282
0559478361|19/04/2017|19/04/2017|0000190417|COM OPER INET|726|4264|$0.00|$3.00|$680,525.53|105560|Operacion Conexion Banorte
0559478361|19/04/2017|19/04/2017|0000190417|I.V.A.|517|4264|$0.00|$0.48|$680,525.05|105561|Operacion Conexion Banorte
0559478361|19/04/2017|19/04/2017|0000190417|TRASPASO  A CTA :   0007637179|504|4264|$0.00|$6,291.09|$674,233.96|105562|IVA:00000007.07    ,A CUENTA   0007637179, XM173772XM173772XM173771 AL R.F.C. CSI970919U11
0559478361|19/04/2017|19/04/2017|0000190417|COM OPER INET|726|4264|$0.00|$3.00|$674,230.96|105563|Operacion Conexion Banorte
0559478361|19/04/2017|19/04/2017|0000190417|I.V.A.|517|4264|$0.00|$0.48|$674,230.48|105564|Operacion Conexion Banorte
0559478361|19/04/2017|19/04/2017|0000190417|1055381CARGO TRANSFERENCIA ELE|503|4264|$0.00|$9,270.99|$664,959.49|105565|CTA/CLABE: 002180021873137272, CB TEF, BCO 002,BENEFICIARIO GARLOCK DE MEXICO SA DE CV, CVE RASTREO:    1055381 RFC: GME8403015P6, AL R.F.C.                IVA:00000000.00, A97191
0559478361|19/04/2017|19/04/2017|0000190417|COM OPER INET|726|4264|$0.00|$3.00|$664,956.49|105566|Operacion Conexion Banorte
0559478361|19/04/2017|19/04/2017|0000190417|I.V.A.|517|4264|$0.00|$0.48|$664,956.01|105567|Operacion Conexion Banorte
0559478361|19/04/2017|19/04/2017|0000190417|1055382CARGO TRANSFERENCIA ELE|503|4264|$0.00|$33,169.16|$631,786.85|105568|CTA/CLABE: 030180718524202016, CB TEF, BCO 030,BENEFICIARIO CMS INTERNACIONAL SA DE CV, CVE RASTREO:    1055382 RFC: CIN660506F27, AL R.F.C.                IVA:00000000.00, FAE11244747FAE11244700FAE112
0559478361|19/04/2017|19/04/2017|0000190417|COM OPER INET|726|4264|$0.00|$3.00|$631,783.85|105569|Operacion Conexion Banorte
0559478361|19/04/2017|19/04/2017|0000190417|I.V.A.|517|4264|$0.00|$0.48|$631,783.37|105570|Operacion Conexion Banorte
0559478361|19/04/2017|19/04/2017|0000190417|TRASPASO  A CTA :   0671025954|504|4264|$0.00|$19,896.99|$611,886.38|105571|IVA:00000022.37    ,A CUENTA   0671025954, TERCEROS AL R.F.C. RDI841003QJ4
0559478361|19/04/2017|19/04/2017|0000190417|COM OPER INET|726|4264|$0.00|$3.00|$611,883.38|105572|Operacion Conexion Banorte
0559478361|19/04/2017|19/04/2017|0000190417|I.V.A.|517|4264|$0.00|$0.48|$611,882.90|105573|Operacion Conexion Banorte
0559478361|19/04/2017|19/04/2017|0000190417|1055383CARGO TRANSFERENCIA ELE|503|4264|$0.00|$32,089.72|$579,793.18|105574|CTA/CLABE: 002180010077323563, CB TEF, BCO 002,BENEFICIARIO OFFICE DEPOT DE MEXICO SA DE C, CVE RASTREO:    1055383 RFC: ODM950324V2A, AL R.F.C.                IVA:00000000.00, CREA6635095CREA6635361CREA66
0559478361|19/04/2017|19/04/2017|0000190417|COM OPER INET|726|4264|$0.00|$3.00|$579,790.18|105575|Operacion Conexion Banorte
0559478361|19/04/2017|19/04/2017|0000190417|I.V.A.|517|4264|$0.00|$0.48|$579,789.70|105576|Operacion Conexion Banorte
0559478361|19/04/2017|19/04/2017|0000190417|1055384CARGO TRANSFERENCIA ELE|503|4264|$0.00|$95,407.68|$484,382.02|105577|CTA/CLABE: 012180004442605977, CB TEF, BCO 012,BENEFICIARIO LLANTERA GARROM SA DE CV, CVE RASTREO:    1055384 RFC: LGA820526A75, AL R.F.C.                IVA:00000000.00, B27822B27821B27792B27654B2
0559478361|19/04/2017|19/04/2017|0000190417|COM OPER INET|726|4264|$0.00|$3.00|$484,379.02|105578|Operacion Conexion Banorte
0559478361|19/04/2017|19/04/2017|0000190417|I.V.A.|517|4264|$0.00|$0.48|$484,378.54|105579|Operacion Conexion Banorte
0559478361|19/04/2017|19/04/2017|0000190417|1055385CARGO TRANSFERENCIA ELE|503|4264|$0.00|$48,505.93|$435,872.61|105580|CTA/CLABE: 012180004442134752, CB TEF, BCO 012,BENEFICIARIO LATINOAMERICANA DE LLANTAS SA, CVE RASTREO:    1055385 RFC: LLA870610SP3, AL R.F.C.                IVA:00000000.00, FAL331971FAL331972FAL331979
0559478361|19/04/2017|19/04/2017|0000190417|COM OPER INET|726|4264|$0.00|$3.00|$435,869.61|105581|Operacion Conexion Banorte
0559478361|19/04/2017|19/04/2017|0000190417|I.V.A.|517|4264|$0.00|$0.48|$435,869.13|105582|Operacion Conexion Banorte
0559478361|19/04/2017|19/04/2017|0000190417|1055386CARGO TRANSFERENCIA ELE|503|4264|$0.00|$30,276.00|$405,593.13|105583|CTA/CLABE: 002180021242068587, CB TEF, BCO 002,BENEFICIARIO INTERSEAL SA DE CV, CVE RASTREO:    1055386 RFC: INT960517CN5, AL R.F.C.                IVA:00000000.00, BB26518
0559478361|19/04/2017|19/04/2017|0000190417|COM OPER INET|726|4264|$0.00|$3.00|$405,590.13|105584|Operacion Conexion Banorte
0559478361|19/04/2017|19/04/2017|0000190417|I.V.A.|517|4264|$0.00|$0.48|$405,589.65|105585|Operacion Conexion Banorte
0559478361|19/04/2017|19/04/2017|0000190417|1055387CARGO TRANSFERENCIA ELE|503|4264|$0.00|$19,696.80|$385,892.85|105586|CTA/CLABE: 012180001469873031, CB TEF, BCO 012,BENEFICIARIO INGENIERIA Y TECNICAS AMBIENTA, CVE RASTREO:    1055387 RFC: ITA010314BE8, AL R.F.C.                IVA:00000000.00, 828582848109
0559478361|19/04/2017|19/04/2017|0000190417|COM OPER INET|726|4264|$0.00|$3.00|$385,889.85|105587|Operacion Conexion Banorte
0559478361|19/04/2017|19/04/2017|0000190417|I.V.A.|517|4264|$0.00|$0.48|$385,889.37|105588|Operacion Conexion Banorte
0559478361|19/04/2017|19/04/2017|0000190417|1055388CARGO TRANSFERENCIA ELE|503|4264|$0.00|$86,534.77|$299,354.60|105589|CTA/CLABE: 021180040152975751, CB TEF, BCO 021,BENEFICIARIO CONTROL E INFORMACION DIRECTIV, CVE RASTREO:    1055388 RFC: CID9906036H4, AL R.F.C.                IVA:00000000.00, DF021BF
0559478361|19/04/2017|19/04/2017|0000190417|COM OPER INET|726|4264|$0.00|$3.00|$299,351.60|105590|Operacion Conexion Banorte
0559478361|19/04/2017|19/04/2017|0000190417|I.V.A.|517|4264|$0.00|$0.48|$299,351.12|105591|Operacion Conexion Banorte
0559478361|19/04/2017|19/04/2017|0000190417|1055389CARGO TRANSFERENCIA ELE|503|4264|$0.00|$69,026.47|$230,324.65|105592|CTA/CLABE: 012180004430935497, CB TEF, BCO 012,BENEFICIARIO COMERCIAL ROSHFRANS SA DE CV, CVE RASTREO:    1055389 RFC: CRO97061954A, AL R.F.C.                IVA:00000000.00, AUTINV36555AUTINV36556AUTINV
0559478361|19/04/2017|19/04/2017|0000190417|COM OPER INET|726|4264|$0.00|$3.00|$230,321.65|105593|Operacion Conexion Banorte
0559478361|19/04/2017|19/04/2017|0000190417|I.V.A.|517|4264|$0.00|$0.48|$230,321.17|105594|Operacion Conexion Banorte
0559478361|19/04/2017|19/04/2017|0000190417|TRASPASO A CUENTA PROPIA|790|8846|$0.00|$80,816.71|$149,504.46|105595|IVA:00011545.24    , A LA CUENTA 0004668944, FACTS 5405 5392 5391 AL R.F.C. THI750725EX3
0559478361|19/04/2017|19/04/2017|0000190417|TRANSF ELECTRONICA FONDOS: TEF|503|8846|$0.00|$28,768.00|$120,736.46|105596|CLABE: 030180825818802015, BEM TEF.BCO:030  GRUPO DIANCER MEXICO SA DE CV, CVE.RASTREO:1056566 RFC: GDM100616Q59   IVA:00003968.00, FACTS 646 647 648
0559478361|19/04/2017|19/04/2017|0000190417|TRANSF ELECTRONICA FONDOS: TEF|503|8846|$0.00|$9,274.20|$111,462.26|105597|CLABE: 012180001519502906, BEM TEF.BCO:012  FASEE FUNCIONALIDAD EMPRESARI, CVE.RASTREO:1056567 RFC: FFE060407AY0   IVA:00001279.20, FACT 467
0559478361|19/04/2017|19/04/2017|0000000000|Comision x Internet 190417|727|8846|$0.00|$3.00|$111,459.26|105598|Transferencias TEF
0559478361|19/04/2017|19/04/2017|0000000000|IVA Com  x Internet 190417|517|8846|$0.00|$0.48|$111,458.78|105599|Transferencias TEF
0559478361|19/04/2017|19/04/2017|0000000000|Comision x Internet 190417|727|8846|$0.00|$3.00|$111,455.78|105600|Transferencias TEF
0559478361|19/04/2017|19/04/2017|0000000000|IVA Com  x Internet 190417|517|8846|$0.00|$0.48|$111,455.30|105601|Transferencias TEF
0559478361|19/04/2017|19/04/2017|0000000000|DEP.PAGO MULTIPLE|003|0684|$49,270.18|$0.00|$160,725.48|105602|
0559478361|19/04/2017|19/04/2017|0000000000|DEP.PAGO MULTIPLE|003|0684|$45,040.71|$0.00|$205,766.19|105603|
0559478361|19/04/2017|19/04/2017|0000000000|085901761140310973|003|5663|$4,131.00|$0.00|$209,897.19|105604|SPEI RECIBIDO DEL BANCO 0002 BANAMEX, DEL CLIENTE PROPIEDADES A Y F SC, DE LA CLABE 002180421500006661   CON RFC PAF820831NX8, CONCEPTO: F SJGE930394 VENTA 510 LTS GAS LP, REFERENCIA: 0011550 CVE RAST: 085901761140310973
0559478361|19/04/2017|19/04/2017|0000000001|DEPOSITO DE CUENTA DE TERCEROS|263|8846|$11,646.54|$0.00|$221,543.73|105605|DE LA CUENTA 0620805764, E114848A 41E711F1 A97FC822 85C
0559478361|19/04/2017|19/04/2017|0000000000|2017041940014 TCT0000469067910|003|5663|$170,963.57|$0.00|$392,507.30|105606|SPEI RECIBIDO DEL BANCO 0014 SANTANDER, DEL CLIENTE GAS O LENA SA DE CV, DE LA CLABE 014261655041710474   CON RFC ND, CONCEPTO: 33276, REFERENCIA: 0000001 CVE RAST: 2017041940014 TCT0000469067910
0559478361|19/04/2017|19/04/2017|0000190417|DEPOSITO DE CUENTA DE TERCEROS|263|7875|$3,993.82|$0.00|$396,501.12|105607|DE LA CUENTA 0222901640, PAGO GAS 19ABRIL2017 DE LIRAS
0559478361|20/04/2017|20/04/2017|0000000000|2017042040014 HDH0000469418630|003|5663|$2,162.16|$0.00|$398,663.28|105608|SPEI RECIBIDO DEL BANCO 0014 SANTANDER, DEL CLIENTE PETROLEOS MEXICANOS GERENCIA DE TESORERI, DE LA CLABE 014180655011098207   CON RFC ND, CONCEPTO: 0991488133, REFERENCIA: 6941863 CVE RAST: 2017042040014 HDH0000469418630
0559478361|20/04/2017|20/04/2017|0000000000|2017042040014 TCT0000470109830|003|5663|$161,409.84|$0.00|$560,073.12|105609|SPEI RECIBIDO DEL BANCO 0014 SANTANDER, DEL CLIENTE GAS O LENA SA DE CV, DE LA CLABE 014261655041710474   CON RFC ND, CONCEPTO: 33275, REFERENCIA: 0000001 CVE RAST: 2017042040014 TCT0000470109830
0559478361|20/04/2017|20/04/2017|0000000000|2017042040014 TCT0000470737790|003|5663|$204,382.80|$0.00|$764,455.92|105610|SPEI RECIBIDO DEL BANCO 0014 SANTANDER, DEL CLIENTE GAS O LENA SA DE CV, DE LA CLABE 014261655041710474   CON RFC ND, CONCEPTO: 33706, REFERENCIA: 0000001 CVE RAST: 2017042040014 TCT0000470737790
0559478361|20/04/2017|20/04/2017|0000200417|DEPOSITO DE CUENTA PROPIA|262|8846|$500,000.00|$0.00|$1,264,455.92|105611|DE LA CUENTA 0004686365, TRASPASO PRESUPUESTO PROVEEDOR
0559478361|20/04/2017|20/04/2017|0000000000|400371704202954282|003|5663|$533,563.19|$0.00|$1,798,019.11|105612|SPEI RECIBIDO DEL BANCO 0037 INTERACCIONES, DEL CLIENTE BANCO INTERACCIONES  S A  INSTITUCION DE, DE LA CLABE 037180003021680577   CON RFC BIN931011519, CONCEPTO: Disposici n   451676, REFERENCIA: 2954282 CVE RAST: 400371704202954282
0559478361|20/04/2017|20/04/2017|0000200417|DEPOSITO DE CUENTA DE TERCEROS|263|7279|$24,395.60|$0.00|$1,822,414.71|105613|DE LA CUENTA 0487719680, pago de gas
0559478361|20/04/2017|20/04/2017|0000000001|DEPOSITO DE CUENTA DE TERCEROS|263|7875|$8,432.10|$0.00|$1,830,846.81|105614|DE LA CUENTA 0241156227, PAGO 2 FAC 8 Y 12 ABR
0559478361|20/04/2017|20/04/2017|0000200417|DEPOSITO DE CUENTA DE TERCEROS|263|7279|$3,669.30|$0.00|$1,834,516.11|105615|DE LA CUENTA 0257096490, pago 2fac 8 y 12 abr
0559478361|20/04/2017|20/04/2017|0000000000|DEP.EFECTIVO|000|3575|$6,000.00|$0.00|$1,840,516.11|105616|
0559478361|20/04/2017|20/04/2017|0020042017|DEPOSITO DE CUENTA PROPIA|262|8846|$1,006,000.00|$0.00|$2,846,516.11|105617|DE LA CUENTA 0004686365, TRASPASO PRESUPUESTO NOMINA
0559478361|20/04/2017|20/04/2017|0000000000|2017042040014 TCT0000472274480|003|5663|$200,900.42|$0.00|$3,047,416.53|105618|SPEI RECIBIDO DEL BANCO 0014 SANTANDER, DEL CLIENTE GAS O LENA SA DE CV, DE LA CLABE 014261655041710474   CON RFC ND, CONCEPTO: 33707, REFERENCIA: 0000001 CVE RAST: 2017042040014 TCT0000472274480
0559478361|20/04/2017|20/04/2017|0000200417|TRANSF ELECTRONICA FONDOS: TEF|503|8846|$0.00|$153,821.23|$2,893,595.30|105619|CLABE: 002610091300178408, BEM TEF.BCO:002  CONSULTORIA FISCAL ESPECIALIZ, CVE.RASTREO:1090821 RFC: CFE941229EZA   IVA:00021216.72, Fact 702 712 713
0559478361|20/04/2017|20/04/2017|0000200417|TRANSF ELECTRONICA FONDOS: TEF|503|8846|$0.00|$21,866.00|$2,871,729.30|105620|CLABE: 002610091300136592, BEM TEF.BCO:002  CONSULTORIA FISCAL ESPECIALIZ, CVE.RASTREO:1090822 RFC: CFE941229EZA   IVA:00003016.00, Fact D217
0559478361|20/04/2017|20/04/2017|0000000000|Comision x Internet 200417|727|8846|$0.00|$3.00|$2,871,726.30|105621|Transferencias TEF
0559478361|20/04/2017|20/04/2017|0000000000|IVA Com  x Internet 200417|517|8846|$0.00|$0.48|$2,871,725.82|105622|Transferencias TEF
0559478361|20/04/2017|20/04/2017|0000000000|Comision x Internet 200417|727|8846|$0.00|$3.00|$2,871,722.82|105623|Transferencias TEF
0559478361|20/04/2017|20/04/2017|0000000000|IVA Com  x Internet 200417|517|8846|$0.00|$0.48|$2,871,722.34|105624|Transferencias TEF
0559478361|20/04/2017|20/04/2017|0000200417|1091245CARGO TRANSFERENCIA ELE|503|4264|$0.00|$745,875.54|$2,125,846.80|105625|CTA/CLABE: 132180000053302789, CB TEF, BCO 132,BENEFICIARIO HISPANIC ACTUAL CONSTRUCTION S, CVE RASTREO:    1091245 RFC: HAC130516SM6, AL R.F.C.                IVA:00000000.00, TC740TC739
0559478361|20/04/2017|20/04/2017|0000200417|COM OPER INET|726|4264|$0.00|$3.00|$2,125,843.80|105626|Operacion Conexion Banorte
0559478361|20/04/2017|20/04/2017|0000200417|I.V.A.|517|4264|$0.00|$0.48|$2,125,843.32|105627|Operacion Conexion Banorte
0559478361|20/04/2017|20/04/2017|0000200417|1091246CARGO TRANSFERENCIA ELE|503|4264|$0.00|$12,760.00|$2,113,083.32|105628|CTA/CLABE: 030180900002053715, CB TEF, BCO 030,BENEFICIARIO TERSIT  SA DE CV, CVE RASTREO:    1091246 RFC: TER140106FH5, AL R.F.C.                IVA:00000000.00, MX3720MX3721
0559478361|20/04/2017|20/04/2017|0000200417|COM OPER INET|726|4264|$0.00|$3.00|$2,113,080.32|105629|Operacion Conexion Banorte
0559478361|20/04/2017|20/04/2017|0000200417|I.V.A.|517|4264|$0.00|$0.48|$2,113,079.84|105630|Operacion Conexion Banorte
0559478361|20/04/2017|20/04/2017|0000200417|1091247CARGO TRANSFERENCIA ELE|503|4264|$0.00|$32,619.20|$2,080,460.64|105631|CTA/CLABE: 012420001024549981, CB TEF, BCO 012,BENEFICIARIO SISTEMAS Y CONTROLES DEL TRANS, CVE RASTREO:    1091247 RFC: SCT1508185P1, AL R.F.C.                IVA:00000000.00, A6994A6964A6906A6860
0559478361|20/04/2017|20/04/2017|0000200417|COM OPER INET|726|4264|$0.00|$3.00|$2,080,457.64|105632|Operacion Conexion Banorte
0559478361|20/04/2017|20/04/2017|0000200417|I.V.A.|517|4264|$0.00|$0.48|$2,080,457.16|105633|Operacion Conexion Banorte
0559478361|20/04/2017|20/04/2017|0000200417|1091248CARGO TRANSFERENCIA ELE|503|4264|$0.00|$227,477.84|$1,852,979.32|105634|CTA/CLABE: 002180021809559604, CB TEF, BCO 002,BENEFICIARIO PEREDA GARCIA ANAMELY, CVE RASTREO:    1091248 RFC: PEGA610101UZ4, AL R.F.C.                IVA:00000000.00, TERCEROS
0559478361|20/04/2017|20/04/2017|0000200417|COM OPER INET|726|4264|$0.00|$3.00|$1,852,976.32|105635|Operacion Conexion Banorte
0559478361|20/04/2017|20/04/2017|0000200417|I.V.A.|517|4264|$0.00|$0.48|$1,852,975.84|105636|Operacion Conexion Banorte
0559478361|20/04/2017|20/04/2017|0000200417|1091249CARGO TRANSFERENCIA ELE|503|4264|$0.00|$28,664.94|$1,824,310.90|105637|CTA/CLABE: 012180004524003248, CB TEF, BCO 012,BENEFICIARIO SISTEMAS PROFESIONALES DE PINT, CVE RASTREO:    1091249 RFC: SPP000125CX3, AL R.F.C.                IVA:00000000.00, A11093A11092
0559478361|20/04/2017|20/04/2017|0000200417|COM OPER INET|726|4264|$0.00|$3.00|$1,824,307.90|105638|Operacion Conexion Banorte
0559478361|20/04/2017|20/04/2017|0000200417|I.V.A.|517|4264|$0.00|$0.48|$1,824,307.42|105639|Operacion Conexion Banorte
0559478361|20/04/2017|20/04/2017|0000200417|1091250CARGO TRANSFERENCIA ELE|503|4264|$0.00|$22,968.00|$1,801,339.42|105640|CTA/CLABE: 012180001638079750, CB TEF, BCO 012,BENEFICIARIO SUMINISTROS INDUSTRIALES JISA, CVE RASTREO:    1091250 RFC: SIJ081024GT8, AL R.F.C.                IVA:00000000.00, 22882227
0559478361|20/04/2017|20/04/2017|0000200417|COM OPER INET|726|4264|$0.00|$3.00|$1,801,336.42|105641|Operacion Conexion Banorte
0559478361|20/04/2017|20/04/2017|0000200417|I.V.A.|517|4264|$0.00|$0.48|$1,801,335.94|105642|Operacion Conexion Banorte
0559478361|20/04/2017|20/04/2017|0000200417|1091251CARGO TRANSFERENCIA ELE|503|4264|$0.00|$126,088.67|$1,675,247.27|105643|CTA/CLABE: 012180001765007653, CB TEF, BCO 012,BENEFICIARIO RFID  INFRAESTRUCTURA TECNOLOG, CVE RASTREO:    1091251 RFC: RAI1003045G2, AL R.F.C.                IVA:00000000.00, F66
0559478361|20/04/2017|20/04/2017|0000200417|COM OPER INET|726|4264|$0.00|$3.00|$1,675,244.27|105644|Operacion Conexion Banorte
0559478361|20/04/2017|20/04/2017|0000200417|I.V.A.|517|4264|$0.00|$0.48|$1,675,243.79|105645|Operacion Conexion Banorte
0559478361|20/04/2017|20/04/2017|0000200417|TRASPASO  A CTA :   0605559532|504|4264|$0.00|$17,886.01|$1,657,357.78|105646|IVA:00000020.11    ,A CUENTA   0605559532, S42292S42293S42291S42178 AL R.F.C. SEC0811183I3
0559478361|20/04/2017|20/04/2017|0000200417|COM OPER INET|726|4264|$0.00|$3.00|$1,657,354.78|105647|Operacion Conexion Banorte
0559478361|20/04/2017|20/04/2017|0000200417|I.V.A.|517|4264|$0.00|$0.48|$1,657,354.30|105648|Operacion Conexion Banorte
0559478361|20/04/2017|20/04/2017|0000200417|1091252CARGO TRANSFERENCIA ELE|503|4264|$0.00|$34,503.04|$1,622,851.26|105649|CTA/CLABE: 002180049155021004, CB TEF, BCO 002,BENEFICIARIO REFACCIONES DIESEL GONZALEZ SA, CVE RASTREO:    1091252 RFC: RDG840731DC5, AL R.F.C.                IVA:00000000.00, A3719A3717A3691A3690A3685
0559478361|20/04/2017|20/04/2017|0000200417|COM OPER INET|726|4264|$0.00|$3.00|$1,622,848.26|105650|Operacion Conexion Banorte
0559478361|20/04/2017|20/04/2017|0000200417|I.V.A.|517|4264|$0.00|$0.48|$1,622,847.78|105651|Operacion Conexion Banorte
0559478361|20/04/2017|20/04/2017|0000200417|1091253CARGO TRANSFERENCIA ELE|503|4264|$0.00|$10,803.49|$1,612,044.29|105652|CTA/CLABE: 012180001463567026, CB TEF, BCO 012,BENEFICIARIO SUPRANET SA DE CV, CVE RASTREO:    1091253 RFC: SUP0410076E8, AL R.F.C.                IVA:00000000.00, 413
0559478361|20/04/2017|20/04/2017|0000200417|COM OPER INET|726|4264|$0.00|$3.00|$1,612,041.29|105653|Operacion Conexion Banorte
0559478361|20/04/2017|20/04/2017|0000200417|I.V.A.|517|4264|$0.00|$0.48|$1,612,040.81|105654|Operacion Conexion Banorte
0559478361|20/04/2017|20/04/2017|0000200417|1091254CARGO TRANSFERENCIA ELE|503|4264|$0.00|$28,792.70|$1,583,248.11|105655|CTA/CLABE: 002180022715074997, CB TEF, BCO 002,BENEFICIARIO SERVOINFORMATICA SA DE CV, CVE RASTREO:    1091254 RFC: SER841108244, AL R.F.C.                IVA:00000000.00, B2394
0559478361|20/04/2017|20/04/2017|0000200417|COM OPER INET|726|4264|$0.00|$3.00|$1,583,245.11|105656|Operacion Conexion Banorte
0559478361|20/04/2017|20/04/2017|0000200417|I.V.A.|517|4264|$0.00|$0.48|$1,583,244.63|105657|Operacion Conexion Banorte
0559478361|20/04/2017|20/04/2017|0000200417|1091255CARGO TRANSFERENCIA ELE|503|4264|$0.00|$8,683.65|$1,574,560.98|105658|CTA/CLABE: 012580001538444988, CB TEF, BCO 012,BENEFICIARIO ROTO CRISTALES Y PARTES SA DE, CVE RASTREO:    1091255 RFC: RCP0611249P0, AL R.F.C.                IVA:00000000.00, 42284344189366
0559478361|20/04/2017|20/04/2017|0000200417|COM OPER INET|726|4264|$0.00|$3.00|$1,574,557.98|105659|Operacion Conexion Banorte
0559478361|20/04/2017|20/04/2017|0000200417|I.V.A.|517|4264|$0.00|$0.48|$1,574,557.50|105660|Operacion Conexion Banorte
0559478361|20/04/2017|20/04/2017|0000200417|1091256CARGO TRANSFERENCIA ELE|503|4264|$0.00|$111,266.06|$1,463,291.44|105661|CTA/CLABE: 002180018306431720, CB TEF, BCO 002,BENEFICIARIO ZAPATA CAMIONES SA DE CV, CVE RASTREO:    1091256 RFC: ZCA861009RX3, AL R.F.C.                IVA:00000000.00, CTRE90970CTRE90984CTRE90918
0559478361|20/04/2017|20/04/2017|0000200417|COM OPER INET|726|4264|$0.00|$3.00|$1,463,288.44|105662|Operacion Conexion Banorte
0559478361|20/04/2017|20/04/2017|0000200417|I.V.A.|517|4264|$0.00|$0.48|$1,463,287.96|105663|Operacion Conexion Banorte
0559478361|20/04/2017|20/04/2017|0000200417|1091257CARGO TRANSFERENCIA ELE|503|4264|$0.00|$73,778.84|$1,389,509.12|105664|CTA/CLABE: 002180022112558812, CB TEF, BCO 002,BENEFICIARIO TREN AUTOMOTRIZ SA DE CV, CVE RASTREO:    1091257 RFC: TAU9409071L6, AL R.F.C.                IVA:00000000.00, FA26559FA26434FA26415FA2616
0559478361|20/04/2017|20/04/2017|0000200417|COM OPER INET|726|4264|$0.00|$3.00|$1,389,506.12|105665|Operacion Conexion Banorte
0559478361|20/04/2017|20/04/2017|0000200417|I.V.A.|517|4264|$0.00|$0.48|$1,389,505.64|105666|Operacion Conexion Banorte
0559478361|20/04/2017|20/04/2017|0000200417|TRASPASO  A CTA :   0004668944|504|4264|$0.00|$508,201.87|$881,303.77|105667|IVA:00000591.84    ,A CUENTA   0004668944, TERCEROS AL R.F.C. THI750725EX3
0559478361|20/04/2017|20/04/2017|0000200417|COM OPER INET|726|4264|$0.00|$3.00|$881,300.77|105668|Operacion Conexion Banorte
0559478361|20/04/2017|20/04/2017|0000200417|I.V.A.|517|4264|$0.00|$0.48|$881,300.29|105669|Operacion Conexion Banorte
0559478361|20/04/2017|20/04/2017|0000200417|DEPOSITO DE CUENTA PROPIA|262|8846|$550,000.00|$0.00|$1,431,300.29|105670|DE LA CUENTA 0004686365, TRASPASO PRESUPUESTO PROVEEDOR
0559478361|20/04/2017|20/04/2017|0000000000|2017042040014 TCT0000472524860|003|5663|$2,106.00|$0.00|$1,433,406.29|105671|SPEI RECIBIDO DEL BANCO 0014 SANTANDER, DEL CLIENTE AUTOTRANSPORTES DELTA SA DE CV, DE LA CLABE 014180655051225072   CON RFC ND, CONCEPTO: AUTOTRANSPORTES DELTA, REFERENCIA: 0200417 CVE RAST: 2017042040014 TCT0000472524860
0559478361|20/04/2017|20/04/2017|0000000000|RETIRO DEP ELECTRONICO|515|0373|$0.00|$1,005,802.50|$427,603.79|105672|DE LA EMISORA : 16924
0559478361|21/04/2017|21/04/2017|0000012277|CHEQ CA0012277|512|0316|$0.00|$1,004.40|$426,599.39|105673|GURL810407S38
0559478361|21/04/2017|21/04/2017|0000000000|002601001704210000007142|003|5663|$2,334.15|$0.00|$428,933.54|105674|SPEI RECIBIDO DEL BANCO 0012 BBVA BANCOMER, DEL CLIENTE IQUISA SANTA CLARA SA DE CV, DE LA CLABE 012854001779545819   CON RFC ISC701204M75, CONCEPTO: IQUISA SANTA CLARA  S A  C V, REFERENCIA: 0014036 CVE RAST: 002601001704210000007142
0559478361|21/04/2017|21/04/2017|0002042017|DEPOSITO DE CUENTA DE TERCEROS|263|7875|$4,827.52|$0.00|$433,761.06|105675|DE LA CUENTA 0222901640, PAGO GAS 20ABRIL2017 SR. JUAREZ
0559478361|21/04/2017|21/04/2017|0502643060|DEPOSITO DE CUENTA DE TERCEROS|263|8502|$4,504.50|$0.00|$438,265.56|105676|DE LA CUENTA 0822890256, SJGE 923949
0559478361|21/04/2017|21/04/2017|0000000001|DEPOSITO DE CUENTA DE TERCEROS|263|8846|$230,205.68|$0.00|$668,471.24|105677|DE LA CUENTA 0403127940, COMPRA DE GAS METRO
0559478361|21/04/2017|21/04/2017|0000000000|49177219|003|5663|$19,383.15|$0.00|$687,854.39|105678|SPEI RECIBIDO DEL BANCO 0112 BMONEX, DEL CLIENTE SI VALE MEXICO  S A  DE C V, DE LA CLABE 112180000011412903   CON RFC PUN9810229R0, CONCEPTO: Si Vale Mexico, REFERENCIA: 0210417 CVE RAST: 49177219
0559478361|21/04/2017|21/04/2017|0000004856|COMPRA ORDEN DE PAGO SPEI|511|8846|$0.00|$314,100.97|$373,753.42|105679|= REFERENCIA  CTA/CLABE: 014180655026013015, BEM SPEI, BCO:014 BENEFICIARIO:CONSORCIO GASOLINERO PLUS SA, C4856 FACT304750 DIESEL GM, CVE RASTREO: 8846CAP4201704210442473855 RFC: CGP970522EE4, IVA: 000000042512.88 SANTANDER
0559478361|21/04/2017|21/04/2017|0000000000|COMISION ORDEN DE PAGO SPEI|537|8846|$0.00|$8.90|$373,744.52|105680|REFERENCIA: 0004856
0559478361|21/04/2017|21/04/2017|0000000000|I.V.A. ORDEN DE PAGO SPEI|517|8846|$0.00|$1.42|$373,743.10|105681|REFERENCIA: 0004856
0559478361|21/04/2017|21/04/2017|0000000000|2017042140014 TCT0000475386270|003|5663|$172,479.74|$0.00|$546,222.84|105682|SPEI RECIBIDO DEL BANCO 0014 SANTANDER, DEL CLIENTE GAS O LENA SA DE CV, DE LA CLABE 014261655041710474   CON RFC ND, CONCEPTO: 33881, REFERENCIA: 0000001 CVE RAST: 2017042140014 TCT0000475386270
0559478361|21/04/2017|21/04/2017|0000210417|DEPOSITO DE CUENTA DE TERCEROS|263|7279|$7,940.00|$0.00|$554,162.84|105683|DE LA CUENTA 0254840339, recarga zona organikum
0559478361|21/04/2017|21/04/2017|0000000001|DEPOSITO DE CUENTA DE TERCEROS|263|8846|$1,922.40|$0.00|$556,085.24|105684|DE LA CUENTA 0220067083, 502725269
0559478361|21/04/2017|21/04/2017|0000000001|DEPOSITO DE CUENTA DE TERCEROS|263|8846|$1,878.76|$0.00|$557,964.00|105685|DE LA CUENTA 0220067083, 502725252
0559478361|21/04/2017|21/04/2017|0000210417|TRASPASO  A CTA :   0848957908|504|4264|$0.00|$192,187.20|$365,776.80|105686|IVA:00000182.85    ,A CUENTA   0848957908, TERCEROS AL R.F.C. TAR1206259Q5
0559478361|21/04/2017|21/04/2017|0000210417|COM OPER INET|726|4264|$0.00|$3.00|$365,773.80|105687|Operacion Conexion Banorte
0559478361|21/04/2017|21/04/2017|0000210417|I.V.A.|517|4264|$0.00|$0.48|$365,773.32|105688|Operacion Conexion Banorte
0559478361|21/04/2017|21/04/2017|0000000000|CARGO POR PAGO CONCENTRACION|503|8846|$0.00|$1,334.96|$364,438.36|105689|BEM QUALITAS COMPAN 0000000000000000000004012135210512504296, AL RFC QCS931209G49, RAS 88467111581159052953  FAC 052953
0559478361|21/04/2017|21/04/2017|0000000000|CARGO POR PAGO CONCENTRACION|503|8846|$0.00|$12,165.14|$352,273.22|105690|BEM QUALITAS COMPAN 0000000000000000000004012135210612300219, AL RFC QCS931209G49, RAS 88467111581160052953  FAC 052953
0559478361|21/04/2017|21/04/2017|0000000000|CARGO POR PAGO CONCENTRACION|503|8846|$0.00|$3,658.14|$348,615.08|105691|BEM QUALITAS COMPAN 0000000000000000000004012120522612455248, AL RFC QCS931209G49, RAS 88467111581161052953  FAC 052953
0559478361|21/04/2017|21/04/2017|0000000000|CARGO POR PAGO CONCENTRACION|503|8846|$0.00|$40,461.21|$308,153.87|105692|BEM QUALITAS COMPAN 0000000000000000000004012120522712306267, AL RFC QCS931209G49, RAS 88467111581163052953  FAC 052953
0559478361|21/04/2017|21/04/2017|0000000000|CARGO POR PAGO CONCENTRACION|503|8846|$0.00|$10,192.41|$297,961.46|105693|BEM QUALITAS COMPAN 0000000000000000000004011975865412304247, AL RFC QCS931209G49, RAS 88467111581165052953  FAC 052953
0559478361|21/04/2017|21/04/2017|0000000000|CARGO POR PAGO CONCENTRACION|503|8846|$0.00|$2,285.00|$295,676.46|105694|BEM COMISION FEDERA 0000000000019829802000591704220000022855, AL RFC CSS160330CP7, RAS 88467111092479088924  FAC 088924
0559478361|21/04/2017|21/04/2017|0000000000|CARGO POR PAGO CONCENTRACION|503|8846|$0.00|$4,946.00|$290,730.46|105695|BEM COMISION FEDERA 0000000000019820011000491704220000049465, AL RFC CSS160330CP7, RAS 88467111093888088924  FAC 088924
0559478361|21/04/2017|21/04/2017|0000210417|DEPOSITO DE CUENTA DE TERCEROS|263|7279|$4,175.56|$0.00|$294,906.02|105696|DE LA CUENTA 0487719680, pago de gas
0559478361|21/04/2017|21/04/2017|0000210417|TRASPASO A CUENTA DE TERCEROS|791|8846|$0.00|$12,214.99|$282,691.03|105697|IVA:00001684.82    , A LA CUENTA: 0169077846, Fact SINFC001621031 AL R.F.C. PPC980624U16
0559478361|21/04/2017|21/04/2017|0000000000|Comision x Internet 210417|726|8846|$0.00|$3.00|$282,688.03|105698|Transferencias Tercero Banorte
0559478361|21/04/2017|21/04/2017|0000000000|IVA Com  x Internet 210417|517|8846|$0.00|$0.48|$282,687.55|105699|Transferencias Tercero Banorte
0559478361|21/04/2017|21/04/2017|0000210417|DEPOSITO DE CUENTA PROPIA|262|8846|$1,000,000.00|$0.00|$1,282,687.55|105700|DE LA CUENTA 0004686365, TRASPASO PRESUPUESTO PROVEEDOR
0559478361|21/04/2017|21/04/2017|0000210417|1122024CARGO TRANSFERENCIA ELE|503|4264|$0.00|$46,831.10|$1,235,856.45|105701|CTA/CLABE: 021180040596655475, CB TEF, BCO 021,BENEFICIARIO NEUMATICOS JBC SA DE CV, CVE RASTREO:    1122024 RFC: NJB161019QV5, AL R.F.C.                IVA:00000000.00, DF69DF68
0559478361|21/04/2017|21/04/2017|0000210417|COM OPER INET|726|4264|$0.00|$3.00|$1,235,853.45|105702|Operacion Conexion Banorte
0559478361|21/04/2017|21/04/2017|0000210417|I.V.A.|517|4264|$0.00|$0.48|$1,235,852.97|105703|Operacion Conexion Banorte
0559478361|21/04/2017|21/04/2017|0000210417|1122025CARGO TRANSFERENCIA ELE|503|4264|$0.00|$12,756.83|$1,223,096.14|105704|CTA/CLABE: 012180029391124568, CB TEF, BCO 012,BENEFICIARIO RAMOS ESTEBAN MARIO ALBERTO, CVE RASTREO:    1122025 RFC: RAEM7802212Z0, AL R.F.C.                IVA:00000000.00, 615528
0559478361|21/04/2017|21/04/2017|0000210417|COM OPER INET|726|4264|$0.00|$3.00|$1,223,093.14|105705|Operacion Conexion Banorte
0559478361|21/04/2017|21/04/2017|0000210417|I.V.A.|517|4264|$0.00|$0.48|$1,223,092.66|105706|Operacion Conexion Banorte
0559478361|21/04/2017|21/04/2017|0000210417|1122026CARGO TRANSFERENCIA ELE|503|4264|$0.00|$26,964.00|$1,196,128.66|105707|CTA/CLABE: 002180002309370360, CB TEF, BCO 002,BENEFICIARIO BEBIDAS PURIFICADAS S DE RL DE, CVE RASTREO:    1122026 RFC: BPU7901018D4, AL R.F.C.                IVA:00000000.00, KO778412KO771476KO764333KO7
0559478361|21/04/2017|21/04/2017|0000210417|COM OPER INET|726|4264|$0.00|$3.00|$1,196,125.66|105708|Operacion Conexion Banorte
0559478361|21/04/2017|21/04/2017|0000210417|I.V.A.|517|4264|$0.00|$0.48|$1,196,125.18|105709|Operacion Conexion Banorte
0559478361|21/04/2017|21/04/2017|0000210417|1122027CARGO TRANSFERENCIA ELE|503|4264|$0.00|$7,772.00|$1,188,353.18|105710|CTA/CLABE: 014180605903322264, CB TEF, BCO 014,BENEFICIARIO PEREZ TORRES ADRIANA, CVE RASTREO:    1122027 RFC: PETA840215T93, AL R.F.C.                IVA:00000000.00, 001
0559478361|21/04/2017|21/04/2017|0000210417|COM OPER INET|726|4264|$0.00|$3.00|$1,188,350.18|105711|Operacion Conexion Banorte
0559478361|21/04/2017|21/04/2017|0000210417|I.V.A.|517|4264|$0.00|$0.48|$1,188,349.70|105712|Operacion Conexion Banorte
0559478361|21/04/2017|21/04/2017|0000210417|1122028CARGO TRANSFERENCIA ELE|503|4264|$0.00|$2,502.50|$1,185,847.20|105713|CTA/CLABE: 021180063968918170, CB TEF, BCO 021,BENEFICIARIO PEREZ SOSA JOSE LUIS, CVE RASTREO:    1122028 RFC: PESL700821BG7, AL R.F.C.                IVA:00000000.00, TERCEROS
0559478361|21/04/2017|21/04/2017|0000210417|COM OPER INET|726|4264|$0.00|$3.00|$1,185,844.20|105714|Operacion Conexion Banorte
0559478361|21/04/2017|21/04/2017|0000210417|I.V.A.|517|4264|$0.00|$0.48|$1,185,843.72|105715|Operacion Conexion Banorte
0559478361|21/04/2017|21/04/2017|0000210417|1122029CARGO TRANSFERENCIA ELE|503|4264|$0.00|$6,118.35|$1,179,725.37|105716|CTA/CLABE: 012456004458241253, CB TEF, BCO 012,BENEFICIARIO VALVULANDIA SA DE CV, CVE RASTREO:    1122029 RFC: VAL8304138T2, AL R.F.C.                IVA:00000000.00, FV36911FV36403
0559478361|21/04/2017|21/04/2017|0000210417|COM OPER INET|726|4264|$0.00|$3.00|$1,179,722.37|105717|Operacion Conexion Banorte
0559478361|21/04/2017|21/04/2017|0000210417|I.V.A.|517|4264|$0.00|$0.48|$1,179,721.89|105718|Operacion Conexion Banorte
0559478361|21/04/2017|21/04/2017|0000210417|1122030CARGO TRANSFERENCIA ELE|503|4264|$0.00|$14,705.88|$1,165,016.01|105719|CTA/CLABE: 014180515008364505, CB TEF, BCO 014,BENEFICIARIO WOODS MUEBLES PARA OFICINA SA, CVE RASTREO:    1122030 RFC: WMO940204V78, AL R.F.C.                IVA:00000000.00, TERCEROS
0559478361|21/04/2017|21/04/2017|0000210417|COM OPER INET|726|4264|$0.00|$3.00|$1,165,013.01|105720|Operacion Conexion Banorte
0559478361|21/04/2017|21/04/2017|0000210417|I.V.A.|517|4264|$0.00|$0.48|$1,165,012.53|105721|Operacion Conexion Banorte
0559478361|21/04/2017|21/04/2017|0000210417|TRASPASO  A CTA :   0416306718|504|4264|$0.00|$1,285.71|$1,163,726.82|105722|IVA:00000001.67    ,A CUENTA   0416306718, TERCEROS AL R.F.C. OHP150601HX5
0559478361|21/04/2017|21/04/2017|0000210417|COM OPER INET|726|4264|$0.00|$3.00|$1,163,723.82|105723|Operacion Conexion Banorte
0559478361|21/04/2017|21/04/2017|0000210417|I.V.A.|517|4264|$0.00|$0.48|$1,163,723.34|105724|Operacion Conexion Banorte
0559478361|21/04/2017|21/04/2017|0000210417|1122031CARGO TRANSFERENCIA ELE|503|4264|$0.00|$635.00|$1,163,088.34|105725|CTA/CLABE: 012180004441884896, CB TEF, BCO 012,BENEFICIARIO LABORATORIO CLINICO DE JESUS S, CVE RASTREO:    1122031 RFC: LCJ870702F17, AL R.F.C.                IVA:00000000.00, TERCEROS
0559478361|21/04/2017|21/04/2017|0000210417|COM OPER INET|726|4264|$0.00|$3.00|$1,163,085.34|105726|Operacion Conexion Banorte
0559478361|21/04/2017|21/04/2017|0000210417|I.V.A.|517|4264|$0.00|$0.48|$1,163,084.86|105727|Operacion Conexion Banorte
0559478361|21/04/2017|21/04/2017|0000210417|TRASPASO  A CTA :   0435190879|504|4264|$0.00|$211,251.17|$951,833.69|105728|IVA:00000275.54    ,A CUENTA   0435190879, TERCEROS AL R.F.C. CAAF660605CM7
0559478361|21/04/2017|21/04/2017|0000210417|COM OPER INET|726|4264|$0.00|$3.00|$951,830.69|105729|Operacion Conexion Banorte
0559478361|21/04/2017|21/04/2017|0000210417|I.V.A.|517|4264|$0.00|$0.48|$951,830.21|105730|Operacion Conexion Banorte
0559478361|21/04/2017|21/04/2017|0000210417|TRASPASO  A CTA :   0527306623|504|4264|$0.00|$139,593.58|$812,236.63|105731|IVA:00000182.07    ,A CUENTA   0527306623, TERCEROS AL R.F.C. GME540707CD1
0559478361|21/04/2017|21/04/2017|0000210417|COM OPER INET|726|4264|$0.00|$3.00|$812,233.63|105732|Operacion Conexion Banorte
0559478361|21/04/2017|21/04/2017|0000210417|I.V.A.|517|4264|$0.00|$0.48|$812,233.15|105733|Operacion Conexion Banorte
0559478361|21/04/2017|21/04/2017|0000210417|TRASPASO  A CTA :   0004686365|504|4264|$0.00|$24,420.00|$787,813.15|105734|IVA:00000031.85    ,A CUENTA   0004686365, TERCEROS AL R.F.C. GME540707CD1
0559478361|21/04/2017|21/04/2017|0000210417|COM OPER INET|726|4264|$0.00|$3.00|$787,810.15|105735|Operacion Conexion Banorte
0559478361|21/04/2017|21/04/2017|0000210417|I.V.A.|517|4264|$0.00|$0.48|$787,809.67|105736|Operacion Conexion Banorte
0559478361|21/04/2017|21/04/2017|0000210417|TRASPASO  A CTA :   0582102383|504|4264|$0.00|$37,322.82|$750,486.85|105737|IVA:00000041.96    ,A CUENTA   0582102383, A960 AL R.F.C. VIMJ700904KU1
0559478361|21/04/2017|21/04/2017|0000210417|COM OPER INET|726|4264|$0.00|$3.00|$750,483.85|105738|Operacion Conexion Banorte
0559478361|21/04/2017|21/04/2017|0000210417|I.V.A.|517|4264|$0.00|$0.48|$750,483.37|105739|Operacion Conexion Banorte
0559478361|21/04/2017|21/04/2017|0000210417|1122032CARGO TRANSFERENCIA ELE|503|4264|$0.00|$62,361.04|$688,122.33|105740|CTA/CLABE: 021180001950078608, CB TEF, BCO 021,BENEFICIARIO TRANSPORTADORA PORTUGAL SA DE, CVE RASTREO:    1122032 RFC: TPO880418EG2, AL R.F.C.                IVA:00000000.00, TERCEROS
0559478361|21/04/2017|21/04/2017|0000210417|COM OPER INET|726|4264|$0.00|$3.00|$688,119.33|105741|Operacion Conexion Banorte
0559478361|21/04/2017|21/04/2017|0000210417|I.V.A.|517|4264|$0.00|$0.48|$688,118.85|105742|Operacion Conexion Banorte
0559478361|21/04/2017|21/04/2017|0000210417|1122033CARGO TRANSFERENCIA ELE|503|4264|$0.00|$138,259.25|$549,859.60|105743|CTA/CLABE: 002180002332983122, CB TEF, BCO 002,BENEFICIARIO IMPLEMENTOS Y SERVICIOS TECNIC, CVE RASTREO:    1122033 RFC: IST9310089H8, AL R.F.C.                IVA:00000000.00, MX11969MX11970MX11941MX1194
0559478361|21/04/2017|21/04/2017|0000210417|COM OPER INET|726|4264|$0.00|$3.00|$549,856.60|105744|Operacion Conexion Banorte
0559478361|21/04/2017|21/04/2017|0000210417|I.V.A.|517|4264|$0.00|$0.48|$549,856.12|105745|Operacion Conexion Banorte
0559478361|21/04/2017|21/04/2017|0000210417|1122034CARGO TRANSFERENCIA ELE|503|4264|$0.00|$72,376.21|$477,479.91|105746|CTA/CLABE: 012215001532441485, CB TEF, BCO 012,BENEFICIARIO EQUIPOS PARA GAS SA DE CV, CVE RASTREO:    1122034 RFC: EGA810729A85, AL R.F.C.                IVA:00000000.00, MEX133196MEX133101MEX132890
0559478361|21/04/2017|21/04/2017|0000210417|COM OPER INET|726|4264|$0.00|$3.00|$477,476.91|105747|Operacion Conexion Banorte
0559478361|21/04/2017|21/04/2017|0000210417|I.V.A.|517|4264|$0.00|$0.48|$477,476.43|105748|Operacion Conexion Banorte
0559478361|21/04/2017|21/04/2017|0000210417|TRASPASO  A CTA :   0185316330|504|4264|$0.00|$35,512.46|$441,963.97|105749|IVA:00000039.93    ,A CUENTA   0185316330, PEDIDO102115211 AL R.F.C. EIM990817UR2
0559478361|21/04/2017|21/04/2017|0000210417|COM OPER INET|726|4264|$0.00|$3.00|$441,960.97|105750|Operacion Conexion Banorte
0559478361|21/04/2017|21/04/2017|0000210417|I.V.A.|517|4264|$0.00|$0.48|$441,960.49|105751|Operacion Conexion Banorte
0559478361|24/04/2017|24/04/2017|0000000000|2017042440014 TCT0000478425800|003|5663|$211,900.72|$0.00|$653,861.21|105752|SPEI RECIBIDO DEL BANCO 0014 SANTANDER, DEL CLIENTE GAS O LENA SA DE CV, DE LA CLABE 014261655041710474   CON RFC ND, CONCEPTO: 33874, REFERENCIA: 0000001 CVE RAST: 2017042440014 TCT0000478425800
0559478361|24/04/2017|24/04/2017|0000000000|2017042440014 TCT0000478425790|003|5663|$207,027.42|$0.00|$860,888.63|105753|SPEI RECIBIDO DEL BANCO 0014 SANTANDER, DEL CLIENTE GAS O LENA SA DE CV, DE LA CLABE 014261655041710474   CON RFC ND, CONCEPTO: 33873, REFERENCIA: 0000001 CVE RAST: 2017042440014 TCT0000478425790
0559478361|24/04/2017|24/04/2017|0000000000|3573180005|003|5663|$12,760.02|$0.00|$873,648.65|105754|SPEI RECIBIDO DEL BANCO 0044 SCOTIABANK, DEL CLIENTE EMEK HEBREW DAYSCHOOL  A C, DE LA CLABE 044180001067875920   CON RFC EHD760816J69, CONCEPTO: gasmetrop, REFERENCIA: 5668545 CVE RAST: 3573180005
0559478361|24/04/2017|24/04/2017|0000240417|TRASPASO A CUENTA DE TERCEROS|791|8846|$0.00|$23,607.58|$850,041.07|105755|IVA:00003256.21    , A LA CUENTA: 0441840214, PAGO FACT D388 AL R.F.C. BAHM721221NN5
0559478361|24/04/2017|24/04/2017|0000000000|Comision x Internet 240417|726|8846|$0.00|$3.00|$850,038.07|105756|Transferencias Tercero Banorte
0559478361|24/04/2017|24/04/2017|0000000000|IVA Com  x Internet 240417|517|8846|$0.00|$0.48|$850,037.59|105757|Transferencias Tercero Banorte
0559478361|24/04/2017|24/04/2017|0000240417|DEPOSITO DE CUENTA DE TERCEROS|263|7279|$2,154.60|$0.00|$852,192.19|105758|DE LA CUENTA 0229242481, factura pendiente
0559478361|24/04/2017|24/04/2017|0000000000|085902378550311475|003|5663|$1,572.10|$0.00|$853,764.29|105759|SPEI RECIBIDO DEL BANCO 0002 BANAMEX, DEL CLIENTE MONICA CORRO ESPINOSA, DE LA CLABE 002180700172617442   CON RFC COEM65121828A, CONCEPTO: FACTURA SJGE936739, REFERENCIA: 0060417 CVE RAST: 085902378550311475
0559478361|24/04/2017|24/04/2017|0000240417|COMPRA ORDEN DE PAGO SPEI|511|8846|$0.00|$318,569.36|$535,194.93|105760|= REFERENCIA  CTA/CLABE: 002180411800113992, BEM SPEI, BCO:002 BENEFICIARIO:PORCELANOSA MEXICO  S A  DE C, PAGOO PRESUPUESTO 17006485 GAS METROPOLI, CVE RASTREO: 8846CAP2201704240442939084 RFC: PME990716QR4, IVA: 000000043940.60 BANAMEX
0559478361|24/04/2017|24/04/2017|0000000000|COMISION ORDEN DE PAGO SPEI|537|8846|$0.00|$8.90|$535,186.03|105761|REFERENCIA: 0240417
0559478361|24/04/2017|24/04/2017|0000000000|I.V.A. ORDEN DE PAGO SPEI|517|8846|$0.00|$1.42|$535,184.61|105762|REFERENCIA: 0240417
0559478361|24/04/2017|24/04/2017|0000240417|COMPRA ORDEN DE PAGO SPEI|511|8846|$0.00|$229,579.35|$305,605.26|105763|= REFERENCIA  CTA/CLABE: 002180053472930770, BEM SPEI, BCO:002 BENEFICIARIO:QUALITAS COMPANIA DE SEGUROS, POLIZA 000297889, CVE RASTREO: 8846CAP3201704240443021288 RFC: QCS931209G49, IVA: 000000000000.00 BANAMEX
0559478361|24/04/2017|24/04/2017|0000000000|COMISION ORDEN DE PAGO SPEI|537|8846|$0.00|$8.90|$305,596.36|105764|REFERENCIA: 0240417
0559478361|24/04/2017|24/04/2017|0000000000|I.V.A. ORDEN DE PAGO SPEI|517|8846|$0.00|$1.42|$305,594.94|105765|REFERENCIA: 0240417
0559478361|24/04/2017|24/04/2017|0000240417|TRASPASO A CUENTA DE TERCEROS|791|8846|$0.00|$2,002.44|$303,592.50|105766|IVA:00000000.00    , A LA CUENTA: 0809024539, PENSION ALIMENTICIA SEM 16 AL R.F.C. MIRI690210RU8
0559478361|24/04/2017|24/04/2017|0000000000|Comision x Internet 240417|726|8846|$0.00|$3.00|$303,589.50|105767|Transferencias Tercero Banorte
0559478361|24/04/2017|24/04/2017|0000000000|IVA Com  x Internet 240417|517|8846|$0.00|$0.48|$303,589.02|105768|Transferencias Tercero Banorte
0559478361|24/04/2017|24/04/2017|0000240417|TRANSF ELECTRONICA FONDOS: TEF|503|8846|$0.00|$560.28|$303,028.74|105769|CLABE: 127180013417774625, BEM TEF.BCO:127  ERENDIRA RANGEL ROMO, CVE.RASTREO:1143581 RFC: RARE010101010  IVA:00000000.00, PENSION ALIMENTICIA SEM 15
0559478361|24/04/2017|24/04/2017|0000000000|Comision x Internet 240417|727|8846|$0.00|$3.00|$303,025.74|105770|Transferencias TEF
0559478361|24/04/2017|24/04/2017|0000000000|IVA Com  x Internet 240417|517|8846|$0.00|$0.48|$303,025.26|105771|Transferencias TEF
0559478361|24/04/2017|24/04/2017|0000190417|DEPOSITO DE CUENTA DE TERCEROS|263|8846|$1,429.20|$0.00|$304,454.46|105772|DE LA CUENTA 0203534542, PAGO FAC SJGE 945362
0559478361|24/04/2017|24/04/2017|0000120417|DEPOSITO DE CUENTA DE TERCEROS|263|8846|$1,215.00|$0.00|$305,669.46|105773|DE LA CUENTA 0203534542, PAGO FAC SJGE 941048
0559478361|24/04/2017|24/04/2017|0000240417|1143638CARGO TRANSFERENCIA ELE|503|4264|$0.00|$238.73|$305,430.73|105774|CTA/CLABE: 044180001059177526, CB TEF, BCO 044,BENEFICIARIO HOFFMAN ARIAS FRANZ CARL, CVE RASTREO:    1143638 RFC: HOAF6811092N1, AL R.F.C.                IVA:00000000.00, TERCEROS
0559478361|24/04/2017|24/04/2017|0000240417|COM OPER INET|726|4264|$0.00|$3.00|$305,427.73|105775|Operacion Conexion Banorte
0559478361|24/04/2017|24/04/2017|0000240417|I.V.A.|517|4264|$0.00|$0.48|$305,427.25|105776|Operacion Conexion Banorte
0559478361|24/04/2017|24/04/2017|0000240417|1143639CARGO TRANSFERENCIA ELE|503|4264|$0.00|$643.37|$304,783.88|105777|CTA/CLABE: 021180061270168801, CB TEF, BCO 021,BENEFICIARIO TRUJILLO GONZALEZ BLANCA SOLED, CVE RASTREO:    1143639 RFC: TRGB820911C15, AL R.F.C.                IVA:00000000.00, TERCEROS
0559478361|24/04/2017|24/04/2017|0000240417|COM OPER INET|726|4264|$0.00|$3.00|$304,780.88|105778|Operacion Conexion Banorte
0559478361|24/04/2017|24/04/2017|0000240417|I.V.A.|517|4264|$0.00|$0.48|$304,780.40|105779|Operacion Conexion Banorte
0559478361|24/04/2017|24/04/2017|0000240417|TRASPASO  A CTA :   0421642652|504|4264|$0.00|$560.86|$304,219.54|105780|IVA:00000000.73    ,A CUENTA   0421642652, TERCEROS AL R.F.C. CORL850930787
0559478361|24/04/2017|24/04/2017|0000240417|COM OPER INET|726|4264|$0.00|$3.00|$304,216.54|105781|Operacion Conexion Banorte
0559478361|24/04/2017|24/04/2017|0000240417|I.V.A.|517|4264|$0.00|$0.48|$304,216.06|105782|Operacion Conexion Banorte
0559478361|24/04/2017|24/04/2017|0000240417|TRASPASO  A CTA :   0407646935|504|4264|$0.00|$453.61|$303,762.45|105783|IVA:00000000.59    ,A CUENTA   0407646935, TERCEROS AL R.F.C. ROGN810109QX1
0559478361|24/04/2017|24/04/2017|0000240417|COM OPER INET|726|4264|$0.00|$3.00|$303,759.45|105784|Operacion Conexion Banorte
0559478361|24/04/2017|24/04/2017|0000240417|I.V.A.|517|4264|$0.00|$0.48|$303,758.97|105785|Operacion Conexion Banorte
0559478361|24/04/2017|24/04/2017|0000240417|1143640CARGO TRANSFERENCIA ELE|503|4264|$0.00|$179,216.29|$124,542.68|105786|CTA/CLABE: 058580460063900136, CB TEF, BCO 058,BENEFICIARIO TRANSPORTES MIGAR SA DE CV, CVE RASTREO:    1143640 RFC: TMI9207151E5, AL R.F.C.                IVA:00000000.00, TERCEROS
0559478361|24/04/2017|24/04/2017|0000240417|COM OPER INET|726|4264|$0.00|$3.00|$124,539.68|105787|Operacion Conexion Banorte
0559478361|24/04/2017|24/04/2017|0000240417|I.V.A.|517|4264|$0.00|$0.48|$124,539.20|105788|Operacion Conexion Banorte
0559478361|24/04/2017|24/04/2017|0000240417|1143641CARGO TRANSFERENCIA ELE|503|4264|$0.00|$321.63|$124,217.57|105789|CTA/CLABE: 021180063898342793, CB TEF, BCO 021,BENEFICIARIO CABRERA MORENO CLAUDIA KARINA, CVE RASTREO:    1143641 RFC: CAMC830213Z21, AL R.F.C.                IVA:00000000.00, TERCEROS
0559478361|24/04/2017|24/04/2017|0000240417|COM OPER INET|726|4264|$0.00|$3.00|$124,214.57|105790|Operacion Conexion Banorte
0559478361|24/04/2017|24/04/2017|0000240417|I.V.A.|517|4264|$0.00|$0.48|$124,214.09|105791|Operacion Conexion Banorte
0559478361|24/04/2017|24/04/2017|0000240417|1143642CARGO TRANSFERENCIA ELE|503|4264|$0.00|$980.84|$123,233.25|105792|CTA/CLABE: 002180476400151247, CB TEF, BCO 002,BENEFICIARIO ZOZALLAS PANTOJA MARIA DE LA L, CVE RASTREO:    1143642 RFC: ZOPM750505F5, AL R.F.C.                IVA:00000000.00, TERCEROS
0559478361|24/04/2017|24/04/2017|0000240417|COM OPER INET|726|4264|$0.00|$3.00|$123,230.25|105793|Operacion Conexion Banorte
0559478361|24/04/2017|24/04/2017|0000240417|I.V.A.|517|4264|$0.00|$0.48|$123,229.77|105794|Operacion Conexion Banorte
0559478361|24/04/2017|24/04/2017|0000240417|TRASPASO  A CTA :   0826648642|504|4264|$0.00|$539.83|$122,689.94|105795|IVA:00000000.70    ,A CUENTA   0826648642, TERCEROS AL R.F.C. REIT740513R33
0559478361|24/04/2017|24/04/2017|0000240417|COM OPER INET|726|4264|$0.00|$3.00|$122,686.94|105796|Operacion Conexion Banorte
0559478361|24/04/2017|24/04/2017|0000240417|I.V.A.|517|4264|$0.00|$0.48|$122,686.46|105797|Operacion Conexion Banorte
0559478361|24/04/2017|24/04/2017|0000240417|TRASPASO  A CTA :   0828338116|504|4264|$0.00|$198.33|$122,488.13|105798|IVA:00000000.25    ,A CUENTA   0828338116, TERCEROS AL R.F.C. SEPI780206B70
0559478361|24/04/2017|24/04/2017|0000240417|COM OPER INET|726|4264|$0.00|$3.00|$122,485.13|105799|Operacion Conexion Banorte
0559478361|24/04/2017|24/04/2017|0000240417|I.V.A.|517|4264|$0.00|$0.48|$122,484.65|105800|Operacion Conexion Banorte
0559478361|24/04/2017|24/04/2017|0000240417|TRASPASO  A CTA :   0877594965|504|4264|$0.00|$478.20|$122,006.45|105801|IVA:00000000.62    ,A CUENTA   0877594965, TERCEROS AL R.F.C. LIAM780831TM8
0559478361|24/04/2017|24/04/2017|0000240417|COM OPER INET|726|4264|$0.00|$3.00|$122,003.45|105802|Operacion Conexion Banorte
0559478361|24/04/2017|24/04/2017|0000240417|I.V.A.|517|4264|$0.00|$0.48|$122,002.97|105803|Operacion Conexion Banorte
0559478361|24/04/2017|24/04/2017|0000240417|TRASPASO  A CTA :   0549167228|504|4264|$0.00|$5,999.99|$116,002.98|105804|IVA:00000006.74    ,A CUENTA   0549167228, AFAD409 AL R.F.C. IAMA751219DY0
0559478361|24/04/2017|24/04/2017|0000240417|COM OPER INET|726|4264|$0.00|$3.00|$115,999.98|105805|Operacion Conexion Banorte
0559478361|24/04/2017|24/04/2017|0000240417|I.V.A.|517|4264|$0.00|$0.48|$115,999.50|105806|Operacion Conexion Banorte
0559478361|24/04/2017|24/04/2017|2647210000|DEPOSITO DE CUENTA DE TERCEROS|263|8846|$46,818.00|$0.00|$162,817.50|105807|DE LA CUENTA 0614638952, GL264721 GAS METROPOLITANO SA
0559478361|25/04/2017|25/04/2017|0000000000|7969566105928|003|4052|$10,040.94|$0.00|$172,858.44|105808|TEF BCO:106  BPI DISTRIBUTION MEXICO SA DE, CTA/CLABE 106180000141230113 105928, CVE.RASTREO:114GGK81   105928, RFC:AME111202BT2   IVA:000000000000000
0559478361|25/04/2017|25/04/2017|0000000000|7969578105945|003|4052|$124,889.99|$0.00|$297,748.43|105809|TEF BCO:106  LE316 AEMSA AUTO ELECTRICOS D, CTA/CLABE 106180000141240190 105945, CVE.RASTREO:114GGK94   105945, RFC:AEM691105EI9   IVA:000000000000000
0559478361|25/04/2017|25/04/2017|0000000000|7969642106032|003|4052|$67,827.11|$0.00|$365,575.54|105810|TEF BCO:106  LE316 AEMSA AUTO ELECTRICOS D, CTA/CLABE 106180000141240271 106032, CVE.RASTREO:114GGL68   106032, RFC:AEM691105EI9   IVA:000000000000000
0559478361|25/04/2017|25/04/2017|0000000001|DEPOSITO DE CUENTA DE TERCEROS|263|8846|$240,115.66|$0.00|$605,691.20|105811|DE LA CUENTA 0403127940, COMPRA DE GAS METRO
0559478361|25/04/2017|25/04/2017|0000000001|DEPOSITO DE CUENTA DE TERCEROS|263|8846|$184,777.18|$0.00|$790,468.38|105812|DE LA CUENTA 0403127940, COMPRA DE GAS METRO
0559478361|25/04/2017|25/04/2017|0000000001|DEPOSITO DE CUENTA DE TERCEROS|263|8846|$170,158.70|$0.00|$960,627.08|105813|DE LA CUENTA 0403127940, COMPRA DE GAS METRO
0559478361|25/04/2017|25/04/2017|0000000001|DEPOSITO DE CUENTA DE TERCEROS|263|8846|$197,960.28|$0.00|$1,158,587.36|105814|DE LA CUENTA 0403127940, COMPRA DE GAS METRO
0559478361|25/04/2017|25/04/2017|0000000001|DEPOSITO DE CUENTA DE TERCEROS|263|8846|$201,380.76|$0.00|$1,359,968.12|105815|DE LA CUENTA 0403127940, COMPRA DE GAS METRO
0559478361|25/04/2017|25/04/2017|0000012278|CHEQUE 0012278|508|0679|$0.00|$7,459.53|$1,352,508.59|105816|
0559478361|25/04/2017|25/04/2017|0000250417|DEPOSITO DE CUENTA DE TERCEROS|263|8846|$5,812.08|$0.00|$1,358,320.67|105817|DE LA CUENTA 0811705260, F-SJGE941527
0559478361|25/04/2017|25/04/2017|0000000000|DEP.EFECTIVO        502613632|000|1416|$476.40|$0.00|$1,358,797.07|105818|
0559478361|25/04/2017|25/04/2017|0000000001|DEPOSITO DE CUENTA DE TERCEROS|263|8846|$121,073.61|$0.00|$1,479,870.68|105819|DE LA CUENTA 0403127940, COMPRA DE GAS METRO
0559478361|25/04/2017|25/04/2017|0000250417|TRANSF ELECTRONICA FONDOS: TEF|503|8846|$0.00|$25,840.16|$1,454,030.52|105820|CLABE: 002180034752294197, BEM TEF.BCO:002  GEN INDUSTRIAL SA DE CV, CVE.RASTREO:1153305 RFC: GIN811027SS4   IVA:00003564.16, FACTURAS VARIAS
0559478361|25/04/2017|25/04/2017|0000000000|Comision x Internet 250417|727|8846|$0.00|$3.00|$1,454,027.52|105821|Transferencias TEF
0559478361|25/04/2017|25/04/2017|0000000000|IVA Com  x Internet 250417|517|8846|$0.00|$0.48|$1,454,027.04|105822|Transferencias TEF
0559478361|25/04/2017|25/04/2017|0000004856|COMPRA ORDEN DE PAGO SPEI|511|8846|$0.00|$313,526.90|$1,140,500.14|105823|= REFERENCIA  CTA/CLABE: 014180655026013015, BEM SPEI, BCO:014 BENEFICIARIO:CONSORCIO GASOLINERO PLUS SA, C4856 DIESEL ATQS FACT GI 305144, CVE RASTREO: 8846APAC201704250443214093 RFC: CGP970522EE4, IVA: 000000042433.29 SANTANDER
0559478361|25/04/2017|25/04/2017|0000000000|COMISION ORDEN DE PAGO SPEI|537|8846|$0.00|$8.90|$1,140,491.24|105824|REFERENCIA: 0004856
0559478361|25/04/2017|25/04/2017|0000000000|I.V.A. ORDEN DE PAGO SPEI|517|8846|$0.00|$1.42|$1,140,489.82|105825|REFERENCIA: 0004856
0559478361|25/04/2017|25/04/2017|0000000001|DEPOSITO DE CUENTA DE TERCEROS|263|8846|$488,466.91|$0.00|$1,628,956.73|105826|DE LA CUENTA 0176356950, 2264 2265 2266
0559478361|25/04/2017|25/04/2017|0025042017|DEPOSITO DE CUENTA DE TERCEROS|263|8846|$16,005.60|$0.00|$1,644,962.33|105827|DE LA CUENTA 0439674443, factura pendiente
0559478361|25/04/2017|25/04/2017|0000000001|DEPOSITO DE CUENTA DE TERCEROS|263|8846|$7,415.52|$0.00|$1,652,377.85|105828|DE LA CUENTA 0620805764, ADBF306D 52FDB121 77F05A1A 177
0559478361|25/04/2017|25/04/2017|0000000000|BNET01001704250000134651|003|5663|$7,558.88|$0.00|$1,659,936.73|105829|SPEI RECIBIDO DEL BANCO 0012 BBVA BANCOMER, DEL CLIENTE GRUPO DABESARE SAPI DE CV, DE LA CLABE 012180001039926910   CON RFC GDA150930EIA, CONCEPTO: GAS LP 170417, REFERENCIA: 0250417 CVE RAST: BNET01001704250000134651
0559478361|25/04/2017|25/04/2017|0000250417|DEPOSITO DE CUENTA DE TERCEROS|263|8846|$69,349.39|$0.00|$1,729,286.12|105830|DE LA CUENTA 0658967526, Gas hostales
0559478361|25/04/2017|25/04/2017|0000000000|085903799660311575|003|5663|$1,312.20|$0.00|$1,730,598.32|105831|SPEI RECIBIDO DEL BANCO 0002 BANAMEX, DEL CLIENTE PROPIEDADES A Y F SC, DE LA CLABE 002180421500006661   CON RFC PAF820831NX8, CONCEPTO: F SJGE936257 VENTA 162 LTS GAS LP, REFERENCIA: 0011571 CVE RAST: 085903799660311575
0559478361|25/04/2017|25/04/2017|0000000000|085903799670311573|003|5663|$6,253.20|$0.00|$1,736,851.52|105832|SPEI RECIBIDO DEL BANCO 0002 BANAMEX, DEL CLIENTE PROPIEDADES A Y F SC, DE LA CLABE 002180421500006661   CON RFC PAF820831NX8, CONCEPTO: F SJGE936250 VENTA 772 LTS GAS LP, REFERENCIA: 0011570 CVE RAST: 085903799670311573
0559478361|25/04/2017|25/04/2017|0000301116|DEPOSITO DE CUENTA DE TERCEROS|263|8502|$794.00|$0.00|$1,737,645.52|105833|DE LA CUENTA 0531437681, CARGA17ABRIL2017
0559478361|25/04/2017|25/04/2017|0000250417|1171462CARGO TRANSFERENCIA ELE|503|4264|$0.00|$6,216.00|$1,731,429.52|105834|CTA/CLABE: 002180002309370360, CB TEF, BCO 002,BENEFICIARIO BEBIDAS PURIFICADAS S DE RL DE, CVE RASTREO:    1171462 RFC: BPU7901018D4, AL R.F.C.                IVA:00000000.00, KO783606
0559478361|25/04/2017|25/04/2017|0000250417|COM OPER INET|726|4264|$0.00|$3.00|$1,731,426.52|105835|Operacion Conexion Banorte
0559478361|25/04/2017|25/04/2017|0000250417|I.V.A.|517|4264|$0.00|$0.48|$1,731,426.04|105836|Operacion Conexion Banorte
0559478361|25/04/2017|25/04/2017|0000250417|1171463CARGO TRANSFERENCIA ELE|503|4264|$0.00|$15,617.08|$1,715,808.96|105837|CTA/CLABE: 002456700925756064, CB TEF, BCO 002,BENEFICIARIO GONZALEZ CESAREO BRENDA, CVE RASTREO:    1171463 RFC: GOCB961125V13, AL R.F.C.                IVA:00000000.00, 152
0559478361|25/04/2017|25/04/2017|0000250417|COM OPER INET|726|4264|$0.00|$3.00|$1,715,805.96|105838|Operacion Conexion Banorte
0559478361|25/04/2017|25/04/2017|0000250417|I.V.A.|517|4264|$0.00|$0.48|$1,715,805.48|105839|Operacion Conexion Banorte
0559478361|25/04/2017|25/04/2017|0000250417|1171464CARGO TRANSFERENCIA ELE|503|4264|$0.00|$5,931.08|$1,709,874.40|105840|CTA/CLABE: 030180900005911210, CB TEF, BCO 030,BENEFICIARIO RODRIGUEZ SOLIS JORGE, CVE RASTREO:    1171464 RFC: ROSJ710914F27, AL R.F.C.                IVA:00000000.00, 163162157
0559478361|25/04/2017|25/04/2017|0000250417|COM OPER INET|726|4264|$0.00|$3.00|$1,709,871.40|105841|Operacion Conexion Banorte
0559478361|25/04/2017|25/04/2017|0000250417|I.V.A.|517|4264|$0.00|$0.48|$1,709,870.92|105842|Operacion Conexion Banorte
0559478361|25/04/2017|25/04/2017|0000250417|1171465CARGO TRANSFERENCIA ELE|503|4264|$0.00|$12,596.74|$1,697,274.18|105843|CTA/CLABE: 012180001582233862, CB TEF, BCO 012,BENEFICIARIO FERRE ACEROS LA COLMENA SA DE, CVE RASTREO:    1171465 RFC: FAC0601112U1, AL R.F.C.                IVA:00000000.00, F27217F27127F27126F27129F2
0559478361|25/04/2017|25/04/2017|0000250417|COM OPER INET|726|4264|$0.00|$3.00|$1,697,271.18|105844|Operacion Conexion Banorte
0559478361|25/04/2017|25/04/2017|0000250417|I.V.A.|517|4264|$0.00|$0.48|$1,697,270.70|105845|Operacion Conexion Banorte
0559478361|25/04/2017|25/04/2017|0000250417|1171466CARGO TRANSFERENCIA ELE|503|4264|$0.00|$14,439.68|$1,682,831.02|105846|CTA/CLABE: 002180700976858928, CB TEF, BCO 002,BENEFICIARIO GONZALEZ GONZALEZ LUZ MARIA, CVE RASTREO:    1171466 RFC: GOGL680529HR4, AL R.F.C.                IVA:00000000.00, A184A183
0559478361|25/04/2017|25/04/2017|0000250417|COM OPER INET|726|4264|$0.00|$3.00|$1,682,828.02|105847|Operacion Conexion Banorte
0559478361|25/04/2017|25/04/2017|0000250417|I.V.A.|517|4264|$0.00|$0.48|$1,682,827.54|105848|Operacion Conexion Banorte
0559478361|25/04/2017|25/04/2017|0000250417|1171467CARGO TRANSFERENCIA ELE|503|4264|$0.00|$12,763.77|$1,670,063.77|105849|CTA/CLABE: 002180700841205198, CB TEF, BCO 002,BENEFICIARIO MOLINA ACOSTA JOSE MARTIN, CVE RASTREO:    1171467 RFC: MOAM700824MI0, AL R.F.C.                IVA:00000000.00, DD31
0559478361|25/04/2017|25/04/2017|0000250417|COM OPER INET|726|4264|$0.00|$3.00|$1,670,060.77|105850|Operacion Conexion Banorte
0559478361|25/04/2017|25/04/2017|0000250417|I.V.A.|517|4264|$0.00|$0.48|$1,670,060.29|105851|Operacion Conexion Banorte
0559478361|25/04/2017|25/04/2017|0000250417|1171468CARGO TRANSFERENCIA ELE|503|4264|$0.00|$20,000.77|$1,650,059.52|105852|CTA/CLABE: 012180001937189134, CB TEF, BCO 012,BENEFICIARIO CAMIONES REPUESTOS Y ACCESORIO, CVE RASTREO:    1171468 RFC: CRA130717JE6, AL R.F.C.                IVA:00000000.00, FA28493FA28447
0559478361|25/04/2017|25/04/2017|0000250417|COM OPER INET|726|4264|$0.00|$3.00|$1,650,056.52|105853|Operacion Conexion Banorte
0559478361|25/04/2017|25/04/2017|0000250417|I.V.A.|517|4264|$0.00|$0.48|$1,650,056.04|105854|Operacion Conexion Banorte
0559478361|25/04/2017|25/04/2017|0000250417|1171469CARGO TRANSFERENCIA ELE|503|4264|$0.00|$17,400.00|$1,632,656.04|105855|CTA/CLABE: 012180001917299772, CB TEF, BCO 012,BENEFICIARIO Corporativo JurIdico Trejo  As, CVE RASTREO:    1171469 RFC: CJT120629QB9, AL R.F.C.                IVA:00000000.00, 154
0559478361|25/04/2017|25/04/2017|0000250417|COM OPER INET|726|4264|$0.00|$3.00|$1,632,653.04|105856|Operacion Conexion Banorte
0559478361|25/04/2017|25/04/2017|0000250417|I.V.A.|517|4264|$0.00|$0.48|$1,632,652.56|105857|Operacion Conexion Banorte
0559478361|25/04/2017|25/04/2017|0000250417|1171470CARGO TRANSFERENCIA ELE|503|4264|$0.00|$3,944.00|$1,628,708.56|105858|CTA/CLABE: 012180011045757338, CB TEF, BCO 012,BENEFICIARIO MEDINA DUARTE LUZ MARIA, CVE RASTREO:    1171470 RFC: MEDL521013JS5, AL R.F.C.                IVA:00000000.00, A366
0559478361|25/04/2017|25/04/2017|0000250417|COM OPER INET|726|4264|$0.00|$3.00|$1,628,705.56|105859|Operacion Conexion Banorte
0559478361|25/04/2017|25/04/2017|0000250417|I.V.A.|517|4264|$0.00|$0.48|$1,628,705.08|105860|Operacion Conexion Banorte
0559478361|25/04/2017|25/04/2017|0000250417|1171471CARGO TRANSFERENCIA ELE|503|4264|$0.00|$218,147.26|$1,410,557.82|105861|CTA/CLABE: 002180021809559604, CB TEF, BCO 002,BENEFICIARIO PEREDA GARCIA ANAMELY, CVE RASTREO:    1171471 RFC: PEGA610101UZ4, AL R.F.C.                IVA:00000000.00, TERCEROS
0559478361|25/04/2017|25/04/2017|0000250417|COM OPER INET|726|4264|$0.00|$3.00|$1,410,554.82|105862|Operacion Conexion Banorte
0559478361|25/04/2017|25/04/2017|0000250417|I.V.A.|517|4264|$0.00|$0.48|$1,410,554.34|105863|Operacion Conexion Banorte
0559478361|25/04/2017|25/04/2017|0000250417|1171472CARGO TRANSFERENCIA ELE|503|4264|$0.00|$10,053.90|$1,400,500.44|105864|CTA/CLABE: 012180001824984565, CB TEF, BCO 012,BENEFICIARIO COMERCIALIZADORA Y SISTEMAS DE, CVE RASTREO:    1171472 RFC: CSE110120E31, AL R.F.C.                IVA:00000000.00, 16851684
0559478361|25/04/2017|25/04/2017|0000250417|COM OPER INET|726|4264|$0.00|$3.00|$1,400,497.44|105865|Operacion Conexion Banorte
0559478361|25/04/2017|25/04/2017|0000250417|I.V.A.|517|4264|$0.00|$0.48|$1,400,496.96|105866|Operacion Conexion Banorte
0559478361|25/04/2017|25/04/2017|0000250417|1171473CARGO TRANSFERENCIA ELE|503|4264|$0.00|$38,489.38|$1,362,007.58|105867|CTA/CLABE: 014180920016635015, CB TEF, BCO 014,BENEFICIARIO EMBRAGUES Y FRENOS SAMAR SA DE, CVE RASTREO:    1171473 RFC: EFS1101175F5, AL R.F.C.                IVA:00000000.00, 122212201219121812161217
0559478361|25/04/2017|25/04/2017|0000250417|COM OPER INET|726|4264|$0.00|$3.00|$1,362,004.58|105868|Operacion Conexion Banorte
0559478361|25/04/2017|25/04/2017|0000250417|I.V.A.|517|4264|$0.00|$0.48|$1,362,004.10|105869|Operacion Conexion Banorte
0559478361|25/04/2017|25/04/2017|0000250417|1171474CARGO TRANSFERENCIA ELE|503|4264|$0.00|$17,355.90|$1,344,648.20|105870|CTA/CLABE: 044320010096188138, CB TEF, BCO 044,BENEFICIARIO AUTO PARTES Y MAS SA DE CV, CVE RASTREO:    1171474 RFC: APM8805092U9, AL R.F.C.                IVA:00000000.00, ECCF109953ECCF109525ECCF1087
0559478361|25/04/2017|25/04/2017|0000250417|COM OPER INET|726|4264|$0.00|$3.00|$1,344,645.20|105871|Operacion Conexion Banorte
0559478361|25/04/2017|25/04/2017|0000250417|I.V.A.|517|4264|$0.00|$0.48|$1,344,644.72|105872|Operacion Conexion Banorte
0559478361|25/04/2017|25/04/2017|0000250417|1171475CARGO TRANSFERENCIA ELE|503|4264|$0.00|$35,225.52|$1,309,419.20|105873|CTA/CLABE: 002180087005216060, CB TEF, BCO 002,BENEFICIARIO ALVAREZ AUTOMOTRIZ SA DE CV, CVE RASTREO:    1171475 RFC: AAU530731462, AL R.F.C.                IVA:00000000.00, PLFA15433PLFA15434PLFA15171
0559478361|25/04/2017|25/04/2017|0000250417|COM OPER INET|726|4264|$0.00|$3.00|$1,309,416.20|105874|Operacion Conexion Banorte
0559478361|25/04/2017|25/04/2017|0000250417|I.V.A.|517|4264|$0.00|$0.48|$1,309,415.72|105875|Operacion Conexion Banorte
0559478361|25/04/2017|25/04/2017|0000250417|1171476CARGO TRANSFERENCIA ELE|503|4264|$0.00|$17,146.77|$1,292,268.95|105876|CTA/CLABE: 012180001619814206, CB TEF, BCO 012,BENEFICIARIO DISTRIBUIDORA DE TORNILLOS Y B, CVE RASTREO:    1171476 RFC: DTB080713QB6, AL R.F.C.                IVA:00000000.00, C18926C18900C18828C18611C1
0559478361|25/04/2017|25/04/2017|0000250417|COM OPER INET|726|4264|$0.00|$3.00|$1,292,265.95|105877|Operacion Conexion Banorte
0559478361|25/04/2017|25/04/2017|0000250417|I.V.A.|517|4264|$0.00|$0.48|$1,292,265.47|105878|Operacion Conexion Banorte
0559478361|25/04/2017|25/04/2017|0000250417|1171477CARGO TRANSFERENCIA ELE|503|4264|$0.00|$23,722.00|$1,268,543.47|105879|CTA/CLABE: 002180700233085748, CB TEF, BCO 002,BENEFICIARIO GOMEZ DURAN JUAN GILBERTO, CVE RASTREO:    1171477 RFC: GODJ790204A94, AL R.F.C.                IVA:00000000.00, A367A366A368
0559478361|25/04/2017|25/04/2017|0000250417|COM OPER INET|726|4264|$0.00|$3.00|$1,268,540.47|105880|Operacion Conexion Banorte
0559478361|25/04/2017|25/04/2017|0000250417|I.V.A.|517|4264|$0.00|$0.48|$1,268,539.99|105881|Operacion Conexion Banorte
0559478361|25/04/2017|25/04/2017|0000250417|TRASPASO  A CTA :   0668563217|504|4264|$0.00|$68,275.11|$1,200,264.88|105882|IVA:00000076.77    ,A CUENTA   0668563217, TERCEROS AL R.F.C. TGA990324IJ2
0559478361|25/04/2017|25/04/2017|0000250417|COM OPER INET|726|4264|$0.00|$3.00|$1,200,261.88|105883|Operacion Conexion Banorte
0559478361|25/04/2017|25/04/2017|0000250417|I.V.A.|517|4264|$0.00|$0.48|$1,200,261.40|105884|Operacion Conexion Banorte
0559478361|25/04/2017|25/04/2017|0000250417|1171478CARGO TRANSFERENCIA ELE|503|4264|$0.00|$11,423.68|$1,188,837.72|105885|CTA/CLABE: 002180021809636459, CB TEF, BCO 002,BENEFICIARIO CASTRO ROSAS FELIX, CVE RASTREO:    1171478 RFC: CARF7009225M7, AL R.F.C.                IVA:00000000.00, A1587A1580
0559478361|25/04/2017|25/04/2017|0000250417|COM OPER INET|726|4264|$0.00|$3.00|$1,188,834.72|105886|Operacion Conexion Banorte
0559478361|25/04/2017|25/04/2017|0000250417|I.V.A.|517|4264|$0.00|$0.48|$1,188,834.24|105887|Operacion Conexion Banorte
0559478361|25/04/2017|25/04/2017|0000250417|1171479CARGO TRANSFERENCIA ELE|503|4264|$0.00|$7,810.15|$1,181,024.09|105888|CTA/CLABE: 002180057484353626, CB TEF, BCO 002,BENEFICIARIO TREJO ZARATE MARIA DEL PILAR, CVE RASTREO:    1171479 RFC: TEZP5302045P8, AL R.F.C.                IVA:00000000.00, C12083C12075C12052C12057C1
0559478361|25/04/2017|25/04/2017|0000250417|COM OPER INET|726|4264|$0.00|$3.00|$1,181,021.09|105889|Operacion Conexion Banorte
0559478361|25/04/2017|25/04/2017|0000250417|I.V.A.|517|4264|$0.00|$0.48|$1,181,020.61|105890|Operacion Conexion Banorte
0559478361|25/04/2017|25/04/2017|0000250417|1171480CARGO TRANSFERENCIA ELE|503|4264|$0.00|$16,678.89|$1,164,341.72|105891|CTA/CLABE: 002180408901159017, CB TEF, BCO 002,BENEFICIARIO CRISTOBAL ORTEGA E HIJOS SA DE, CVE RASTREO:    1171480 RFC: COH040902H9A, AL R.F.C.                IVA:00000000.00, 925891189050
0559478361|25/04/2017|25/04/2017|0000250417|COM OPER INET|726|4264|$0.00|$3.00|$1,164,338.72|105892|Operacion Conexion Banorte
0559478361|25/04/2017|25/04/2017|0000250417|I.V.A.|517|4264|$0.00|$0.48|$1,164,338.24|105893|Operacion Conexion Banorte
0559478361|25/04/2017|25/04/2017|0000250417|TRASPASO  A CTA :   0004668944|504|4264|$0.00|$592,425.14|$571,913.10|105894|IVA:00000689.93    ,A CUENTA   0004668944, TERCEROS AL R.F.C. THI750725EX3
0559478361|25/04/2017|25/04/2017|0000250417|COM OPER INET|726|4264|$0.00|$3.00|$571,910.10|105895|Operacion Conexion Banorte
0559478361|25/04/2017|25/04/2017|0000250417|I.V.A.|517|4264|$0.00|$0.48|$571,909.62|105896|Operacion Conexion Banorte
0559478361|25/04/2017|25/04/2017|0000250417|1171481CARGO TRANSFERENCIA ELE|503|4264|$0.00|$2,913.10|$568,996.52|105897|CTA/CLABE: 014180655041601981, CB TEF, BCO 014,BENEFICIARIO DERAIR DE MEXICO SA DE CV, CVE RASTREO:    1171481 RFC: DME9705168L6, AL R.F.C.                IVA:00000000.00, D7266
0559478361|25/04/2017|25/04/2017|0000250417|COM OPER INET|726|4264|$0.00|$3.00|$568,993.52|105898|Operacion Conexion Banorte
0559478361|25/04/2017|25/04/2017|0000250417|I.V.A.|517|4264|$0.00|$0.48|$568,993.04|105899|Operacion Conexion Banorte
0559478361|25/04/2017|25/04/2017|0000250417|1171482CARGO TRANSFERENCIA ELE|503|4264|$0.00|$15,191.38|$553,801.66|105900|CTA/CLABE: 012180004430935497, CB TEF, BCO 012,BENEFICIARIO COMERCIAL ROSHFRANS SA DE CV, CVE RASTREO:    1171482 RFC: CRO97061954A, AL R.F.C.                IVA:00000000.00, AUTINV36696AUTINV36649
0559478361|25/04/2017|25/04/2017|0000250417|COM OPER INET|726|4264|$0.00|$3.00|$553,798.66|105901|Operacion Conexion Banorte
0559478361|25/04/2017|25/04/2017|0000250417|I.V.A.|517|4264|$0.00|$0.48|$553,798.18|105902|Operacion Conexion Banorte
0559478361|25/04/2017|25/04/2017|0000941518|DEPOSITO DE CUENTA DE TERCEROS|263|7875|$4,732.24|$0.00|$558,530.42|105903|DE LA CUENTA 0222901640, PAGO FACT. SJGE941518 13ABRIL2017 SR. JUAREZ
0559478361|26/04/2017|26/04/2017|0000012280|CHEQUE 0012280|508|0679|$0.00|$10,000.04|$548,530.38|105904|DEPOSITO A CTA. 0252290006 RFC ROVD821125V88
0559478361|26/04/2017|26/04/2017|0000000000|BNET01001704260000051429|003|5663|$200,000.00|$0.00|$748,530.38|105905|SPEI RECIBIDO DEL BANCO 0012 BBVA BANCOMER, DEL CLIENTE GAS ELITE MEXICO SA DE CV, DE LA CLABE 012180001744784528   CON RFC GEM0409102Q1, CONCEPTO: PAGO, REFERENCIA: 0260417 CVE RAST: BNET01001704260000051429
0559478361|26/04/2017|26/04/2017|0000000000|2017042640014 TCT0000485875150|003|5663|$205,176.40|$0.00|$953,706.78|105906|SPEI RECIBIDO DEL BANCO 0014 SANTANDER, DEL CLIENTE GAS O LENA SA DE CV, DE LA CLABE 014261655041710474   CON RFC ND, CONCEPTO: 34065, REFERENCIA: 0000001 CVE RAST: 2017042640014 TCT0000485875150
0559478361|26/04/2017|26/04/2017|0000000000|2017042640014 TCT0000485875100|003|5663|$188,651.46|$0.00|$1,142,358.24|105907|SPEI RECIBIDO DEL BANCO 0014 SANTANDER, DEL CLIENTE GAS O LENA SA DE CV, DE LA CLABE 014261655041710474   CON RFC ND, CONCEPTO: 33883, REFERENCIA: 0000001 CVE RAST: 2017042640014 TCT0000485875100
0559478361|26/04/2017|26/04/2017|0000000000|2017042640014 TCT0000485875040|003|5663|$167,534.05|$0.00|$1,309,892.29|105908|SPEI RECIBIDO DEL BANCO 0014 SANTANDER, DEL CLIENTE GAS O LENA SA DE CV, DE LA CLABE 014261655041710474   CON RFC ND, CONCEPTO: 33882, REFERENCIA: 0000001 CVE RAST: 2017042640014 TCT0000485875040
0559478361|26/04/2017|26/04/2017|0000260417|TRASPASO A CUENTA DE TERCEROS|791|8846|$0.00|$4,249.81|$1,305,642.48|105909|IVA:00000000.00    , A LA CUENTA: 0684004832, ORDEN SERVICIO 102476-T GAS METROPOLITANO, AL R.F.C. MYL840202HA5
0559478361|26/04/2017|26/04/2017|0000000000|Comision x Internet 260417|726|8846|$0.00|$3.00|$1,305,639.48|105910|Transferencias Tercero Banorte
0559478361|26/04/2017|26/04/2017|0000000000|IVA Com  x Internet 260417|517|8846|$0.00|$0.48|$1,305,639.00|105911|Transferencias Tercero Banorte
0559478361|26/04/2017|26/04/2017|0000000000|CARGO POR PAGO CONCENTRACION|503|8846|$0.00|$127,639.00|$1,178,000.00|105912|BEM OPAM            0000000000000000000000000000000000570701, AL RFC OPA010719SF0, RAS 88467116092905064137  FAC 064137
0559478361|26/04/2017|26/04/2017|0000000000|CARGO POR PAGO CONCENTRACION|503|8846|$0.00|$15,922.79|$1,162,077.21|105913|BEM LIBERTY FIANZAS 0000000000000000000000000000000017982323, AL RFC PFI9712228W1, RAS 88467116092906064700  FAC 064700
0559478361|26/04/2017|26/04/2017|0000000000|CARGO POR PAGO CONCENTRACION|503|8846|$0.00|$15,284.74|$1,146,792.47|105914|BEM LIBERTY FIANZAS 0000000000000000000000000000000017985144, AL RFC PFI9712228W1, RAS 88467116092908064700  FAC 064700
0559478361|26/04/2017|26/04/2017|0000000000|CARGO POR PAGO CONCENTRACION|503|8846|$0.00|$3,064.72|$1,143,727.75|105915|BEM LIBERTY FIANZAS 0000000000000000000000000000000017985151, AL RFC PFI9712228W1, RAS 88467116092910064700  FAC 064700
0559478361|26/04/2017|26/04/2017|0000000000|CARGO POR PAGO CONCENTRACION|503|8846|$0.00|$3,064.72|$1,140,663.03|105916|BEM LIBERTY FIANZAS 0000000000000000000000000000000017982125, AL RFC PFI9712228W1, RAS 88467116095470064700  FAC 064700
0559478361|26/04/2017|26/04/2017|0000000000|CARGO POR PAGO CONCENTRACION|503|8846|$0.00|$21,289.00|$1,119,374.03|105917|BEM COMISION FEDERA 0000000000015150011010641704300000212891, AL RFC CSS160330CP7, RAS 88467116025422088924  FAC 088924
0559478361|26/04/2017|26/04/2017|0000260417|TRASPASO A CUENTA DE TERCEROS|791|8846|$0.00|$11,368.00|$1,108,006.03|105918|IVA:00001568.00    , A LA CUENTA: 0017510902, FACT 118 AL R.F.C. SSI120621MD1
0559478361|26/04/2017|26/04/2017|0000000000|Comision x Internet 260417|726|8846|$0.00|$3.00|$1,108,003.03|105919|Transferencias Tercero Banorte
0559478361|26/04/2017|26/04/2017|0000000000|IVA Com  x Internet 260417|517|8846|$0.00|$0.48|$1,108,002.55|105920|Transferencias Tercero Banorte
0559478361|26/04/2017|26/04/2017|0000260417|TRANSF ELECTRONICA FONDOS: TEF|503|8846|$0.00|$174,144.21|$933,858.34|105921|CLABE: 002610091300178408, BEM TEF.BCO:002  CONSULTORIA FISCAL ESPECIALIZ, CVE.RASTREO:1185870 RFC: CFE941229EZA   IVA:00024019.89, FACTS 733 734 735
0559478361|26/04/2017|26/04/2017|0000260417|TRANSF ELECTRONICA FONDOS: TEF|503|8846|$0.00|$6,783.16|$927,075.18|105922|CLABE: 012320001675058099, BEM TEF.BCO:012  VEGA DIRECCIONADORES  DE MEDI, CVE.RASTREO:1185871 RFC: VDM090716QM0   IVA:00000935.61, FACTS 6881 6883 6899
0559478361|26/04/2017|26/04/2017|0000260417|TRANSF ELECTRONICA FONDOS: TEF|503|8846|$0.00|$25,775.20|$901,299.98|105923|CLABE: 002180700776621520, BEM TEF.BCO:002  JOSE LUIS SUSTAITA YSAIS, CVE.RASTREO:1185872 RFC: SUYL660815RZ8  IVA:00003555.20, FACTS 511 509
0559478361|26/04/2017|26/04/2017|0000260417|TRANSF ELECTRONICA FONDOS: TEF|503|8846|$0.00|$252.35|$901,047.63|105924|CLABE: 012180001975077208, BEM TEF.BCO:012  EDUARDO CESAR LUPERCIO CASTIL, CVE.RASTREO:1185873 RFC: LUCE730318P23  IVA:00000000.00, DESC SEM 15 Y 16
0559478361|26/04/2017|26/04/2017|0000260417|TRANSF ELECTRONICA FONDOS: TEF|503|8846|$0.00|$8,543.90|$892,503.73|105925|CLABE: 012420001510857941, BEM TEF.BCO:012  INGENIERIA Y ARQUITECTURA ING, CVE.RASTREO:1185874 RFC: IAI060209DX9   IVA:00001178.47, FACT 8480
0559478361|26/04/2017|26/04/2017|0000260417|TRANSF ELECTRONICA FONDOS: TEF|503|8846|$0.00|$6,380.00|$886,123.73|105926|CLABE: 012180004491236520, BEM TEF.BCO:012  GUSTAVO BAZ PARTES PARA TRANS, CVE.RASTREO:1185876 RFC: GBP900302LP0   IVA:00000880.00, FACT A285
0559478361|26/04/2017|26/04/2017|0000260417|TRANSF ELECTRONICA FONDOS: TEF|503|8846|$0.00|$1,669.36|$884,454.37|105927|CLABE: 012180004456727087, BEM TEF.BCO:012  TAX EDITORES UNIDOS SA DE CV, CVE.RASTREO:1185877 RFC: TEU8912071PO   IVA:00000230.26, FACT A00096999
0559478361|26/04/2017|26/04/2017|0000260417|TRANSF ELECTRONICA FONDOS: TEF|503|8846|$0.00|$830.93|$883,623.44|105928|CLABE: 014180655001127120, BEM TEF.BCO:014  Efectivale, S. de R.L. DE C.V, CVE.RASTREO:1185878 RFC: EFE8908015L3   IVA:00000114.61, FACT 00746870
0559478361|26/04/2017|26/04/2017|0000260417|TRANSF ELECTRONICA FONDOS: TEF|503|8846|$0.00|$4,791.96|$878,831.48|105929|CLABE: 002180701140957272, BEM TEF.BCO:002  DARMEX RECTIFICACION DE MOTOR, CVE.RASTREO:1185879 RFC: DRM110216EF3   IVA:00000660.96, FACT 65
0559478361|26/04/2017|26/04/2017|0000000000|Comision x Internet 260417|727|8846|$0.00|$3.00|$878,828.48|105930|Transferencias TEF
0559478361|26/04/2017|26/04/2017|0000000000|IVA Com  x Internet 260417|517|8846|$0.00|$0.48|$878,828.00|105931|Transferencias TEF
0559478361|26/04/2017|26/04/2017|0000000000|Comision x Internet 260417|727|8846|$0.00|$3.00|$878,825.00|105932|Transferencias TEF
0559478361|26/04/2017|26/04/2017|0000000000|IVA Com  x Internet 260417|517|8846|$0.00|$0.48|$878,824.52|105933|Transferencias TEF
0559478361|26/04/2017|26/04/2017|0000000000|Comision x Internet 260417|727|8846|$0.00|$3.00|$878,821.52|105934|Transferencias TEF
0559478361|26/04/2017|26/04/2017|0000000000|IVA Com  x Internet 260417|517|8846|$0.00|$0.48|$878,821.04|105935|Transferencias TEF
0559478361|26/04/2017|26/04/2017|0000000000|Comision x Internet 260417|727|8846|$0.00|$3.00|$878,818.04|105936|Transferencias TEF
0559478361|26/04/2017|26/04/2017|0000000000|IVA Com  x Internet 260417|517|8846|$0.00|$0.48|$878,817.56|105937|Transferencias TEF
0559478361|26/04/2017|26/04/2017|0000000000|Comision x Internet 260417|727|8846|$0.00|$3.00|$878,814.56|105938|Transferencias TEF
0559478361|26/04/2017|26/04/2017|0000000000|IVA Com  x Internet 260417|517|8846|$0.00|$0.48|$878,814.08|105939|Transferencias TEF
0559478361|26/04/2017|26/04/2017|0000000000|Comision x Internet 260417|727|8846|$0.00|$3.00|$878,811.08|105940|Transferencias TEF
0559478361|26/04/2017|26/04/2017|0000000000|IVA Com  x Internet 260417|517|8846|$0.00|$0.48|$878,810.60|105941|Transferencias TEF
0559478361|26/04/2017|26/04/2017|0000000000|Comision x Internet 260417|727|8846|$0.00|$3.00|$878,807.60|105942|Transferencias TEF
0559478361|26/04/2017|26/04/2017|0000000000|IVA Com  x Internet 260417|517|8846|$0.00|$0.48|$878,807.12|105943|Transferencias TEF
0559478361|26/04/2017|26/04/2017|0000000000|Comision x Internet 260417|727|8846|$0.00|$3.00|$878,804.12|105944|Transferencias TEF
0559478361|26/04/2017|26/04/2017|0000000000|IVA Com  x Internet 260417|517|8846|$0.00|$0.48|$878,803.64|105945|Transferencias TEF
0559478361|26/04/2017|26/04/2017|0000000000|Comision x Internet 260417|727|8846|$0.00|$3.00|$878,800.64|105946|Transferencias TEF
0559478361|26/04/2017|26/04/2017|0000000000|IVA Com  x Internet 260417|517|8846|$0.00|$0.48|$878,800.16|105947|Transferencias TEF
0559478361|26/04/2017|26/04/2017|0000260417|DEPOSITO DE CUENTA PROPIA|262|8846|$3,500,000.00|$0.00|$4,378,800.16|105948|DE LA CUENTA 0004686365, TRASPASO PRESUPUESTO PROVEEDOR
0559478361|26/04/2017|26/04/2017|0000260417|1186561CARGO TRANSFERENCIA ELE|503|4264|$0.00|$32,773.94|$4,346,026.22|105949|CTA/CLABE: 021180040596655475, CB TEF, BCO 021,BENEFICIARIO NEUMATICOS JBC SA DE CV, CVE RASTREO:    1186561 RFC: NJB161019QV5, AL R.F.C.                IVA:00000000.00, DF70DF71
0559478361|26/04/2017|26/04/2017|0000260417|COM OPER INET|726|4264|$0.00|$3.00|$4,346,023.22|105950|Operacion Conexion Banorte
0559478361|26/04/2017|26/04/2017|0000260417|I.V.A.|517|4264|$0.00|$0.48|$4,346,022.74|105951|Operacion Conexion Banorte
0559478361|26/04/2017|26/04/2017|0000260417|1186562CARGO TRANSFERENCIA ELE|503|4264|$0.00|$23,487.15|$4,322,535.59|105952|CTA/CLABE: 012180001087519515, CB TEF, BCO 012,BENEFICIARIO LABOR LAW COUNSELS DE MEXICO S, CVE RASTREO:    1186562 RFC: LLC160803U20, AL R.F.C.                IVA:00000000.00, LLC147
0559478361|26/04/2017|26/04/2017|0000260417|COM OPER INET|726|4264|$0.00|$3.00|$4,322,532.59|105953|Operacion Conexion Banorte
0559478361|26/04/2017|26/04/2017|0000260417|I.V.A.|517|4264|$0.00|$0.48|$4,322,532.11|105954|Operacion Conexion Banorte
0559478361|26/04/2017|26/04/2017|0000260417|1186563CARGO TRANSFERENCIA ELE|503|4264|$0.00|$1,914.00|$4,320,618.11|105955|CTA/CLABE: 014180655010861435, CB TEF, BCO 014,BENEFICIARIO ESTUDIOS CLINICOS DR TJ ORIARD, CVE RASTREO:    1186563 RFC: ECD741021QA5, AL R.F.C.                IVA:00000000.00, A90897
0559478361|26/04/2017|26/04/2017|0000260417|COM OPER INET|726|4264|$0.00|$3.00|$4,320,615.11|105956|Operacion Conexion Banorte
0559478361|26/04/2017|26/04/2017|0000260417|I.V.A.|517|4264|$0.00|$0.48|$4,320,614.63|105957|Operacion Conexion Banorte
0559478361|26/04/2017|26/04/2017|0000260417|TRASPASO  A CTA :   0681788475|504|4264|$0.00|$20,036.68|$4,300,577.95|105958|IVA:00000022.53    ,A CUENTA   0681788475, 354353 AL R.F.C. CAB110411E33
0559478361|26/04/2017|26/04/2017|0000260417|COM OPER INET|726|4264|$0.00|$3.00|$4,300,574.95|105959|Operacion Conexion Banorte
0559478361|26/04/2017|26/04/2017|0000260417|I.V.A.|517|4264|$0.00|$0.48|$4,300,574.47|105960|Operacion Conexion Banorte
0559478361|26/04/2017|26/04/2017|0000260417|1186564CARGO TRANSFERENCIA ELE|503|4264|$0.00|$70,748.11|$4,229,826.36|105961|CTA/CLABE: 012933001981448269, CB TEF, BCO 012,BENEFICIARIO TRANSPORTES CEGU SA DE CV, CVE RASTREO:    1186564 RFC: TCE0612186Z2, AL R.F.C.                IVA:00000000.00, TERCEROS
0559478361|26/04/2017|26/04/2017|0000260417|COM OPER INET|726|4264|$0.00|$3.00|$4,229,823.36|105962|Operacion Conexion Banorte
0559478361|26/04/2017|26/04/2017|0000260417|I.V.A.|517|4264|$0.00|$0.48|$4,229,822.88|105963|Operacion Conexion Banorte
0559478361|26/04/2017|26/04/2017|0000260417|1186565CARGO TRANSFERENCIA ELE|503|4264|$0.00|$21,190.88|$4,208,632.00|105964|CTA/CLABE: 012420001024549981, CB TEF, BCO 012,BENEFICIARIO SISTEMAS Y CONTROLES DEL TRANS, CVE RASTREO:    1186565 RFC: SCT1508185P1, AL R.F.C.                IVA:00000000.00, A7129A6754A6753A6720
0559478361|26/04/2017|26/04/2017|0000260417|COM OPER INET|726|4264|$0.00|$3.00|$4,208,629.00|105965|Operacion Conexion Banorte
0559478361|26/04/2017|26/04/2017|0000260417|I.V.A.|517|4264|$0.00|$0.48|$4,208,628.52|105966|Operacion Conexion Banorte
0559478361|26/04/2017|26/04/2017|0000260417|1186566CARGO TRANSFERENCIA ELE|503|4264|$0.00|$29,010.80|$4,179,617.72|105967|CTA/CLABE: 014261655042010704, CB TEF, BCO 014,BENEFICIARIO TRANSPORTADORA EFIKA SA DE CV, CVE RASTREO:    1186566 RFC: TEF140104N77, AL R.F.C.                IVA:00000000.00, TERCEROS
0559478361|26/04/2017|26/04/2017|0000260417|COM OPER INET|726|4264|$0.00|$3.00|$4,179,614.72|105968|Operacion Conexion Banorte
0559478361|26/04/2017|26/04/2017|0000260417|I.V.A.|517|4264|$0.00|$0.48|$4,179,614.24|105969|Operacion Conexion Banorte
0559478361|26/04/2017|26/04/2017|0000260417|TRASPASO  A CTA :   0258066838|504|4264|$0.00|$12,814.52|$4,166,799.72|105970|IVA:00000014.40    ,A CUENTA   0258066838, 458455 AL R.F.C. ZAGL700910LL9
0559478361|26/04/2017|26/04/2017|0000260417|COM OPER INET|726|4264|$0.00|$3.00|$4,166,796.72|105971|Operacion Conexion Banorte
0559478361|26/04/2017|26/04/2017|0000260417|I.V.A.|517|4264|$0.00|$0.48|$4,166,796.24|105972|Operacion Conexion Banorte
0559478361|26/04/2017|26/04/2017|0000260417|1186567CARGO TRANSFERENCIA ELE|503|4264|$0.00|$8,555.00|$4,158,241.24|105973|CTA/CLABE: 002180700045638493, CB TEF, BCO 002,BENEFICIARIO MIDOT MEXICO S DE RL DE CV, CVE RASTREO:    1186567 RFC: MME1012087A4, AL R.F.C.                IVA:00000000.00, 8005
0559478361|26/04/2017|26/04/2017|0000260417|COM OPER INET|726|4264|$0.00|$3.00|$4,158,238.24|105974|Operacion Conexion Banorte
0559478361|26/04/2017|26/04/2017|0000260417|I.V.A.|517|4264|$0.00|$0.48|$4,158,237.76|105975|Operacion Conexion Banorte
0559478361|26/04/2017|26/04/2017|0000260417|1186568CARGO TRANSFERENCIA ELE|503|4264|$0.00|$6,090.00|$4,152,147.76|105976|CTA/CLABE: 012180001011150814, CB TEF, BCO 012,BENEFICIARIO NET CAPACITACIONES SA DE CV, CVE RASTREO:    1186568 RFC: NCA030206B58, AL R.F.C.                IVA:00000000.00, 7016
0559478361|26/04/2017|26/04/2017|0000260417|COM OPER INET|726|4264|$0.00|$3.00|$4,152,144.76|105977|Operacion Conexion Banorte
0559478361|26/04/2017|26/04/2017|0000260417|I.V.A.|517|4264|$0.00|$0.48|$4,152,144.28|105978|Operacion Conexion Banorte
0559478361|26/04/2017|26/04/2017|0000260417|TRASPASO  A CTA :   0690889842|504|4264|$0.00|$5,220.00|$4,146,924.28|105979|IVA:00000005.86    ,A CUENTA   0690889842, FAC385 AL R.F.C. AUBC7909294RA
0559478361|26/04/2017|26/04/2017|0000260417|COM OPER INET|726|4264|$0.00|$3.00|$4,146,921.28|105980|Operacion Conexion Banorte
0559478361|26/04/2017|26/04/2017|0000260417|I.V.A.|517|4264|$0.00|$0.48|$4,146,920.80|105981|Operacion Conexion Banorte
0559478361|26/04/2017|26/04/2017|0000260417|1186569CARGO TRANSFERENCIA ELE|503|4264|$0.00|$67,787.50|$4,079,133.30|105982|CTA/CLABE: 002180403400399302, CB TEF, BCO 002,BENEFICIARIO MIPREX SA DE CV, CVE RASTREO:    1186569 RFC: MIP110124V56, AL R.F.C.                IVA:00000000.00, 65865765465264765064964
0559478361|26/04/2017|26/04/2017|0000260417|COM OPER INET|726|4264|$0.00|$3.00|$4,079,130.30|105983|Operacion Conexion Banorte
0559478361|26/04/2017|26/04/2017|0000260417|I.V.A.|517|4264|$0.00|$0.48|$4,079,129.82|105984|Operacion Conexion Banorte
0559478361|26/04/2017|26/04/2017|0000260417|1186570CARGO TRANSFERENCIA ELE|503|4264|$0.00|$2,784.00|$4,076,345.82|105985|CTA/CLABE: 002180444002671270, CB TEF, BCO 002,BENEFICIARIO MULTISERVICIOS INDUSTRIALES SO, CVE RASTREO:    1186570 RFC: MIS110113HM7, AL R.F.C.                IVA:00000000.00, O536O531
0559478361|26/04/2017|26/04/2017|0000260417|COM OPER INET|726|4264|$0.00|$3.00|$4,076,342.82|105986|Operacion Conexion Banorte
0559478361|26/04/2017|26/04/2017|0000260417|I.V.A.|517|4264|$0.00|$0.48|$4,076,342.34|105987|Operacion Conexion Banorte
0559478361|26/04/2017|26/04/2017|0000260417|1186571CARGO TRANSFERENCIA ELE|503|4264|$0.00|$29,616.44|$4,046,725.90|105988|CTA/CLABE: 002180063379898277, CB TEF, BCO 002,BENEFICIARIO MANGUERAS Y CONEXIONES DEL VAL, CVE RASTREO:    1186571 RFC: MCV091014UW7, AL R.F.C.                IVA:00000000.00, F57005F56839F56725
0559478361|26/04/2017|26/04/2017|0000260417|COM OPER INET|726|4264|$0.00|$3.00|$4,046,722.90|105989|Operacion Conexion Banorte
0559478361|26/04/2017|26/04/2017|0000260417|I.V.A.|517|4264|$0.00|$0.48|$4,046,722.42|105990|Operacion Conexion Banorte
0559478361|26/04/2017|26/04/2017|0000260417|1186572CARGO TRANSFERENCIA ELE|503|4264|$0.00|$7,919.09|$4,038,803.33|105991|CTA/CLABE: 002180057485717546, CB TEF, BCO 002,BENEFICIARIO PINTURAS LECAR SA DE CV, CVE RASTREO:    1186572 RFC: PLE880914UP9, AL R.F.C.                IVA:00000000.00, C113182C113183C113127C11312
0559478361|26/04/2017|26/04/2017|0000260417|COM OPER INET|726|4264|$0.00|$3.00|$4,038,800.33|105992|Operacion Conexion Banorte
0559478361|26/04/2017|26/04/2017|0000260417|I.V.A.|517|4264|$0.00|$0.48|$4,038,799.85|105993|Operacion Conexion Banorte
0559478361|26/04/2017|26/04/2017|0000260417|1186573CARGO TRANSFERENCIA ELE|503|4264|$0.00|$32,418.70|$4,006,381.15|105994|CTA/CLABE: 012180001765007653, CB TEF, BCO 012,BENEFICIARIO RFID  INFRAESTRUCTURA TECNOLOG, CVE RASTREO:    1186573 RFC: RAI1003045G2, AL R.F.C.                IVA:00000000.00, TERCEROS
0559478361|26/04/2017|26/04/2017|0000260417|COM OPER INET|726|4264|$0.00|$3.00|$4,006,378.15|105995|Operacion Conexion Banorte
0559478361|26/04/2017|26/04/2017|0000260417|I.V.A.|517|4264|$0.00|$0.48|$4,006,377.67|105996|Operacion Conexion Banorte
0559478361|26/04/2017|26/04/2017|0000260417|1186574CARGO TRANSFERENCIA ELE|503|4264|$0.00|$4,222.40|$4,002,155.27|105997|CTA/CLABE: 012180001687031406, CB TEF, BCO 012,BENEFICIARIO INTELICOMP SA DE CV, CVE RASTREO:    1186574 RFC: INT031028KA5, AL R.F.C.                IVA:00000000.00, FI3195
0559478361|26/04/2017|26/04/2017|0000260417|COM OPER INET|726|4264|$0.00|$3.00|$4,002,152.27|105998|Operacion Conexion Banorte
0559478361|26/04/2017|26/04/2017|0000260417|I.V.A.|517|4264|$0.00|$0.48|$4,002,151.79|105999|Operacion Conexion Banorte
0559478361|26/04/2017|26/04/2017|0000260417|1186575CARGO TRANSFERENCIA ELE|503|4264|$0.00|$5,441.56|$3,996,710.23|106000|CTA/CLABE: 002180024180062888, CB TEF, BCO 002,BENEFICIARIO ROJAS SERNA RUBEN, CVE RASTREO:    1186575 RFC: ROSR670423R12, AL R.F.C.                IVA:00000000.00, 139
0559478361|26/04/2017|26/04/2017|0000260417|COM OPER INET|726|4264|$0.00|$3.00|$3,996,707.23|106001|Operacion Conexion Banorte
0559478361|26/04/2017|26/04/2017|0000260417|I.V.A.|517|4264|$0.00|$0.48|$3,996,706.75|106002|Operacion Conexion Banorte
0559478361|26/04/2017|26/04/2017|0000260417|1186576CARGO TRANSFERENCIA ELE|503|4264|$0.00|$1,088.08|$3,995,618.67|106003|CTA/CLABE: 002180049155021004, CB TEF, BCO 002,BENEFICIARIO REFACCIONES DIESEL GONZALEZ SA, CVE RASTREO:    1186576 RFC: RDG840731DC5, AL R.F.C.                IVA:00000000.00, A3733A3729
0559478361|26/04/2017|26/04/2017|0000260417|COM OPER INET|726|4264|$0.00|$3.00|$3,995,615.67|106004|Operacion Conexion Banorte
0559478361|26/04/2017|26/04/2017|0000260417|I.V.A.|517|4264|$0.00|$0.48|$3,995,615.19|106005|Operacion Conexion Banorte
0559478361|26/04/2017|26/04/2017|0000260417|TRASPASO  A CTA :   0529927406|504|4264|$0.00|$121,670.08|$3,873,945.11|106006|IVA:00000136.81    ,A CUENTA   0529927406, E977 AL R.F.C. EMI0608082A7
0559478361|26/04/2017|26/04/2017|0000260417|COM OPER INET|726|4264|$0.00|$3.00|$3,873,942.11|106007|Operacion Conexion Banorte
0559478361|26/04/2017|26/04/2017|0000260417|I.V.A.|517|4264|$0.00|$0.48|$3,873,941.63|106008|Operacion Conexion Banorte
0559478361|26/04/2017|26/04/2017|0000260417|1186577CARGO TRANSFERENCIA ELE|503|4264|$0.00|$13,102.53|$3,860,839.10|106009|CTA/CLABE: 002180014903541460, CB TEF, BCO 002,BENEFICIARIO METINOX SA DE CV, CVE RASTREO:    1186577 RFC: MET8010179E9, AL R.F.C.                IVA:00000000.00, A15667A15671A15570A15513
0559478361|26/04/2017|26/04/2017|0000260417|COM OPER INET|726|4264|$0.00|$3.00|$3,860,836.10|106010|Operacion Conexion Banorte
0559478361|26/04/2017|26/04/2017|0000260417|I.V.A.|517|4264|$0.00|$0.48|$3,860,835.62|106011|Operacion Conexion Banorte
0559478361|26/04/2017|26/04/2017|0000260417|1186578CARGO TRANSFERENCIA ELE|503|4264|$0.00|$15,463.56|$3,845,372.06|106012|CTA/CLABE: 012180001829399676, CB TEF, BCO 012,BENEFICIARIO MOTOS DEL CENTRO SA DE CV, CVE RASTREO:    1186578 RFC: MCE920520AX2, AL R.F.C.                IVA:00000000.00, D25278D25277D25254D25179
0559478361|26/04/2017|26/04/2017|0000260417|COM OPER INET|726|4264|$0.00|$3.00|$3,845,369.06|106013|Operacion Conexion Banorte
0559478361|26/04/2017|26/04/2017|0000260417|I.V.A.|517|4264|$0.00|$0.48|$3,845,368.58|106014|Operacion Conexion Banorte
0559478361|26/04/2017|26/04/2017|0000260417|1186579CARGO TRANSFERENCIA ELE|503|4264|$0.00|$105,315.75|$3,740,052.83|106015|CTA/CLABE: 002180018306431720, CB TEF, BCO 002,BENEFICIARIO ZAPATA CAMIONES SA DE CV, CVE RASTREO:    1186579 RFC: ZCA861009RX3, AL R.F.C.                IVA:00000000.00, CTRE91490CTRE91405CTRE91372
0559478361|26/04/2017|26/04/2017|0000260417|COM OPER INET|726|4264|$0.00|$3.00|$3,740,049.83|106016|Operacion Conexion Banorte
0559478361|26/04/2017|26/04/2017|0000260417|I.V.A.|517|4264|$0.00|$0.48|$3,740,049.35|106017|Operacion Conexion Banorte
0559478361|26/04/2017|26/04/2017|0000260417|1186580CARGO TRANSFERENCIA ELE|503|4264|$0.00|$11,442.79|$3,728,606.56|106018|CTA/CLABE: 002180022112558812, CB TEF, BCO 002,BENEFICIARIO TREN AUTOMOTRIZ SA DE CV, CVE RASTREO:    1186580 RFC: TAU9409071L6, AL R.F.C.                IVA:00000000.00, FA27326FA27225FA26874
0559478361|26/04/2017|26/04/2017|0000260417|COM OPER INET|726|4264|$0.00|$3.00|$3,728,603.56|106019|Operacion Conexion Banorte
0559478361|26/04/2017|26/04/2017|0000260417|I.V.A.|517|4264|$0.00|$0.48|$3,728,603.08|106020|Operacion Conexion Banorte
0559478361|26/04/2017|26/04/2017|0000260417|TRASPASO  A CTA :   0004668944|504|4264|$0.00|$84,032.12|$3,644,570.96|106021|IVA:00000097.86    ,A CUENTA   0004668944, TERCEROS AL R.F.C. THI750725EX3
0559478361|26/04/2017|26/04/2017|0000260417|COM OPER INET|726|4264|$0.00|$3.00|$3,644,567.96|106022|Operacion Conexion Banorte
0559478361|26/04/2017|26/04/2017|0000260417|I.V.A.|517|4264|$0.00|$0.48|$3,644,567.48|106023|Operacion Conexion Banorte
0559478361|26/04/2017|26/04/2017|0000260417|1186581CARGO TRANSFERENCIA ELE|503|4264|$0.00|$74,823.99|$3,569,743.49|106024|CTA/CLABE: 021180001950078608, CB TEF, BCO 021,BENEFICIARIO TRANSPORTADORA PORTUGAL SA DE, CVE RASTREO:    1186581 RFC: TPO880418EG2, AL R.F.C.                IVA:00000000.00, TERCEROS
0559478361|26/04/2017|26/04/2017|0000260417|COM OPER INET|726|4264|$0.00|$3.00|$3,569,740.49|106025|Operacion Conexion Banorte
0559478361|26/04/2017|26/04/2017|0000260417|I.V.A.|517|4264|$0.00|$0.48|$3,569,740.01|106026|Operacion Conexion Banorte
0559478361|26/04/2017|26/04/2017|0000260417|1186582CARGO TRANSFERENCIA ELE|503|4264|$0.00|$29,660.34|$3,540,079.67|106027|CTA/CLABE: 002180024530803341, CB TEF, BCO 002,BENEFICIARIO REFACCIONARIA ANTONIO LOPEZ GU, CVE RASTREO:    1186582 RFC: RAL851127QS2, AL R.F.C.                IVA:00000000.00, RAL94134RAL94088RAL93905RAL
0559478361|26/04/2017|26/04/2017|0000260417|COM OPER INET|726|4264|$0.00|$3.00|$3,540,076.67|106028|Operacion Conexion Banorte
0559478361|26/04/2017|26/04/2017|0000260417|I.V.A.|517|4264|$0.00|$0.48|$3,540,076.19|106029|Operacion Conexion Banorte
0559478361|26/04/2017|26/04/2017|0000260417|1186583CARGO TRANSFERENCIA ELE|503|4264|$0.00|$19,293.12|$3,520,783.07|106030|CTA/CLABE: 012180004442605977, CB TEF, BCO 012,BENEFICIARIO LLANTERA GARROM SA DE CV, CVE RASTREO:    1186583 RFC: LGA820526A75, AL R.F.C.                IVA:00000000.00, B28043B28002
0559478361|26/04/2017|26/04/2017|0000260417|COM OPER INET|726|4264|$0.00|$3.00|$3,520,780.07|106031|Operacion Conexion Banorte
0559478361|26/04/2017|26/04/2017|0000260417|I.V.A.|517|4264|$0.00|$0.48|$3,520,779.59|106032|Operacion Conexion Banorte
0559478361|26/04/2017|26/04/2017|0000260417|1186584CARGO TRANSFERENCIA ELE|503|4264|$0.00|$147,615.19|$3,373,164.40|106033|CTA/CLABE: 002180002332983122, CB TEF, BCO 002,BENEFICIARIO IMPLEMENTOS Y SERVICIOS TECNIC, CVE RASTREO:    1186584 RFC: IST9310089H8, AL R.F.C.                IVA:00000000.00, MX12009MX12017MX11940MX1187
0559478361|26/04/2017|26/04/2017|0000260417|COM OPER INET|726|4264|$0.00|$3.00|$3,373,161.40|106034|Operacion Conexion Banorte
0559478361|26/04/2017|26/04/2017|0000260417|I.V.A.|517|4264|$0.00|$0.48|$3,373,160.92|106035|Operacion Conexion Banorte
0559478361|26/04/2017|26/04/2017|0000260417|1186585CARGO TRANSFERENCIA ELE|503|4264|$0.00|$125,327.27|$3,247,833.65|106036|CTA/CLABE: 012215001532441485, CB TEF, BCO 012,BENEFICIARIO EQUIPOS PARA GAS SA DE CV, CVE RASTREO:    1186585 RFC: EGA810729A85, AL R.F.C.                IVA:00000000.00, MEX132760MEX132892MEX132761
0559478361|26/04/2017|26/04/2017|0000260417|COM OPER INET|726|4264|$0.00|$3.00|$3,247,830.65|106037|Operacion Conexion Banorte
0559478361|26/04/2017|26/04/2017|0000260417|I.V.A.|517|4264|$0.00|$0.48|$3,247,830.17|106038|Operacion Conexion Banorte
0559478361|26/04/2017|26/04/2017|0000260417|TRASPASO  A CTA :   0004686373|504|4264|$0.00|$166,173.05|$3,081,657.12|106039|IVA:00000186.85    ,A CUENTA   0004686373, TERCEROS AL R.F.C. HGC340406F19
0559478361|26/04/2017|26/04/2017|0000260417|COM OPER INET|726|4264|$0.00|$3.00|$3,081,654.12|106040|Operacion Conexion Banorte
0559478361|26/04/2017|26/04/2017|0000260417|I.V.A.|517|4264|$0.00|$0.48|$3,081,653.64|106041|Operacion Conexion Banorte
0559478361|26/04/2017|26/04/2017|0000260417|DEPOSITO DE CUENTA DE TERCEROS|263|8846|$2,397.88|$0.00|$3,084,051.52|106042|DE LA CUENTA 0692650224, Gaslp
0559478361|26/04/2017|26/04/2017|0000260417|COMPRA ORDEN DE PAGO SPEI|511|8846|$0.00|$2,697,357.47|$386,694.05|106043|= REFERENCIA  CTA/CLABE: 037180019900003984, BEM SPEI, BCO:037 BENEFICIARIO:Banco Interacciones  S A, Aport Fideicomiso Gas Metropolitano, CVE RASTREO: 8846CAP2201704260443622401 RFC: BIN931011519, IVA: 000000000000.00 INTERACCIONES
0559478361|26/04/2017|26/04/2017|0000000000|COMISION ORDEN DE PAGO SPEI|537|8846|$0.00|$8.90|$386,685.15|106044|REFERENCIA: 0260417
0559478361|26/04/2017|26/04/2017|0000000000|I.V.A. ORDEN DE PAGO SPEI|517|8846|$0.00|$1.42|$386,683.73|106045|REFERENCIA: 0260417
0559478361|26/04/2017|26/04/2017|0000000001|DEPOSITO DE CUENTA DE TERCEROS|263|8846|$202,364.52|$0.00|$589,048.25|106046|DE LA CUENTA 0403127940, COMPRA DE GAS METRO
0559478361|26/04/2017|26/04/2017|0000000001|DEPOSITO DE CUENTA DE TERCEROS|263|8846|$202,446.03|$0.00|$791,494.28|106047|DE LA CUENTA 0403127940, COMPRA DE GAS METRO
0559478361|26/04/2017|26/04/2017|0000000001|DEPOSITO DE CUENTA DE TERCEROS|263|8846|$321,524.88|$0.00|$1,113,019.16|106048|DE LA CUENTA 0176356950, 2333 2335
0559478361|26/04/2017|26/04/2017|0000260417|DEPOSITO DE CUENTA DE TERCEROS|263|7279|$7,817.28|$0.00|$1,120,836.44|106049|DE LA CUENTA 0487719680, pago de gas
0559478361|26/04/2017|26/04/2017|0000000000|2017042640014 TCT0000487545190|003|5663|$197,091.05|$0.00|$1,317,927.49|106050|SPEI RECIBIDO DEL BANCO 0014 SANTANDER, DEL CLIENTE GAS O LENA SA DE CV, DE LA CLABE 014261655041710474   CON RFC ND, CONCEPTO: 34066, REFERENCIA: 0000001 CVE RAST: 2017042640014 TCT0000487545190
0559478361|27/04/2017|27/04/2017|0000012279|CHEQ CA0012279|512|0316|$0.00|$1,412.00|$1,316,515.49|106051|ROMR641001AK0
0559478361|27/04/2017|27/04/2017|0000012281|CHEQ CA0012281|512|0316|$0.00|$723.98|$1,315,791.51|106052|RALE4910038H5
0559478361|27/04/2017|27/04/2017|0000012282|CHEQ CA0012282|512|0316|$0.00|$182,600.03|$1,133,191.48|106053|TME840315 KT6
0559478361|27/04/2017|27/04/2017|0000950285|DEPOSITO DE CUENTA DE TERCEROS|263|7875|$4,239.96|$0.00|$1,137,431.44|106054|DE LA CUENTA 0222901640, PAGO FAC. SJGE 950285 GAS 26ABRIL2017 LIRAS
0559478361|27/04/2017|27/04/2017|0000270417|DEPOSITO DE CUENTA DE TERCEROS|263|7875|$4,533.74|$0.00|$1,141,965.18|106055|DE LA CUENTA 0222901640, PAGO GAS 27ABRIL2017 SR. JUAREZ
0559478361|27/04/2017|27/04/2017|0000310317|DEPOSITO DE CUENTA DE TERCEROS|263|7279|$2,978.30|$0.00|$1,144,943.48|106056|DE LA CUENTA 0174193825, FACTURA SJGE-931808
0559478361|27/04/2017|27/04/2017|0000210417|DEPOSITO DE CUENTA DE TERCEROS|263|7279|$3,839.04|$0.00|$1,148,782.52|106057|DE LA CUENTA 0174193825, FACTURA SJGE-946503
0559478361|27/04/2017|27/04/2017|0000000001|DEPOSITO DE CUENTA DE TERCEROS|263|7875|$7,979.70|$0.00|$1,156,762.22|106058|DE LA CUENTA 0241156227, PAGO 2 FAC 15 Y 19 ABR
0559478361|27/04/2017|27/04/2017|0000270417|DEPOSITO DE CUENTA DE TERCEROS|263|7279|$2,810.76|$0.00|$1,159,572.98|106059|DE LA CUENTA 0257096490, pago 2fac 15 y 19 abr
0559478361|27/04/2017|27/04/2017|0000000001|DEPOSITO DE CUENTA DE TERCEROS|263|8846|$786.06|$0.00|$1,160,359.04|106060|DE LA CUENTA 0220067083, 502725252
0559478361|27/04/2017|27/04/2017|0000000001|DEPOSITO DE CUENTA DE TERCEROS|263|8846|$960.74|$0.00|$1,161,319.78|106061|DE LA CUENTA 0220067083, 502725269
0559478361|27/04/2017|27/04/2017|0000270417|DEPOSITO DE CUENTA DE TERCEROS|263|8846|$7,071.30|$0.00|$1,168,391.08|106062|DE LA CUENTA 0423370052, PAGO fact
0559478361|27/04/2017|27/04/2017|0000000000|3573283191|003|5663|$16,281.72|$0.00|$1,184,672.80|106063|SPEI RECIBIDO DEL BANCO 0044 SCOTIABANK, DEL CLIENTE EMEK HEBREW DAYSCHOOL  A C, DE LA CLABE 044180001067875920   CON RFC EHD760816J69, CONCEPTO: gasmetrop, REFERENCIA: 5674943 CVE RAST: 3573283191
0559478361|27/04/2017|27/04/2017|0000000001|DEPOSITO DE CUENTA DE TERCEROS|263|8846|$471,196.54|$0.00|$1,655,869.34|106064|DE LA CUENTA 0176356950, 2336 2337 2338
0559478361|27/04/2017|27/04/2017|0000270417|TRANSF ELECTRONICA FONDOS: TEF|503|8846|$0.00|$219,616.48|$1,436,252.86|106065|CLABE: 036180500126127785, BEM TEF.BCO:036  SEGUROS INBURSA SA, CVE.RASTREO:1221252 RFC: SIN9408027L7   IVA:00030291.93, POLIZA 26300 30098750
0559478361|27/04/2017|27/04/2017|0000270417|TRANSF ELECTRONICA FONDOS: TEF|503|8846|$0.00|$57,948.96|$1,378,303.90|106066|CLABE: 002180701155193694, BEM TEF.BCO:002  FERNANDO RAMIREZ CABALLERO, CVE.RASTREO:1221253 RFC: RACF651112EV9  IVA:00007992.96, FACTS 50 51 5253
0559478361|27/04/2017|27/04/2017|0000000000|Comision x Internet 270417|727|8846|$0.00|$3.00|$1,378,300.90|106067|Transferencias TEF
0559478361|27/04/2017|27/04/2017|0000000000|IVA Com  x Internet 270417|517|8846|$0.00|$0.48|$1,378,300.42|106068|Transferencias TEF
0559478361|27/04/2017|27/04/2017|0000000000|Comision x Internet 270417|727|8846|$0.00|$3.00|$1,378,297.42|106069|Transferencias TEF
0559478361|27/04/2017|27/04/2017|0000000000|IVA Com  x Internet 270417|517|8846|$0.00|$0.48|$1,378,296.94|106070|Transferencias TEF
0559478361|27/04/2017|27/04/2017|0000270417|TRASPASO A CUENTA DE TERCEROS|791|8846|$0.00|$19,094.76|$1,359,202.18|106071|IVA:00000000.00    , A LA CUENTA: 0169077846, GAS METROPOLITANO SA DE CV AL R.F.C. PPC980624U16
0559478361|27/04/2017|27/04/2017|0000000000|Comision x Internet 270417|726|8846|$0.00|$3.00|$1,359,199.18|106072|Transferencias Tercero Banorte
0559478361|27/04/2017|27/04/2017|0000000000|IVA Com  x Internet 270417|517|8846|$0.00|$0.48|$1,359,198.70|106073|Transferencias Tercero Banorte
0559478361|27/04/2017|27/04/2017|0000000000|CARGO POR PAGO CONCENTRACION|503|8846|$0.00|$3,848.00|$1,355,350.70|106074|BEM ENLACE TPE      0000000000000000000000008000000138085314, AL RFC ETP1501216EA, RAS 88467117270791002742  FAC 002742
0559478361|27/04/2017|27/04/2017|0000000000|DEPOSITO CHQ.BANORTE 0000264|080|2004|$9,317.00|$0.00|$1,364,667.70|106075|DEPOSITO DE LA CUENTA : 0457098276
0559478361|27/04/2017|27/04/2017|0000000000|DEPOSITO CHQ.BANORTE 0000268|080|2004|$9,317.00|$0.00|$1,373,984.70|106076|DEPOSITO DE LA CUENTA : 0457098276
0559478361|27/04/2017|27/04/2017|0000000000|400371704272959705|003|5663|$59,416.18|$0.00|$1,433,400.88|106077|SPEI RECIBIDO DEL BANCO 0037 INTERACCIONES, DEL CLIENTE BANCO INTERACCIONES  S A  INSTITUCION DE, DE LA CLABE 037180003021680577   CON RFC BIN931011519, CONCEPTO: No de Disp, REFERENCIA: 2959705 CVE RAST: 400371704272959705
0559478361|27/04/2017|27/04/2017|0000000000|2017042740014 TCT0000493179210|003|5663|$197,916.17|$0.00|$1,631,317.05|106078|SPEI RECIBIDO DEL BANCO 0014 SANTANDER, DEL CLIENTE GAS O LENA SA DE CV, DE LA CLABE 014261655041710474   CON RFC ND, CONCEPTO: 34134, REFERENCIA: 0000001 CVE RAST: 2017042740014 TCT0000493179210
0559478361|27/04/2017|27/04/2017|0000000000|2017042740014 TCT0000493179290|003|5663|$197,985.52|$0.00|$1,829,302.57|106079|SPEI RECIBIDO DEL BANCO 0014 SANTANDER, DEL CLIENTE GAS O LENA SA DE CV, DE LA CLABE 014261655041710474   CON RFC ND, CONCEPTO: 34135, REFERENCIA: 0000001 CVE RAST: 2017042740014 TCT0000493179290
0559478361|27/04/2017|27/04/2017|0027042017|DEPOSITO DE CUENTA PROPIA|262|8846|$868,000.00|$0.00|$2,697,302.57|106080|DE LA CUENTA 0004686365, TRASPASO PRESUPUESTO NOMINA
0559478361|27/04/2017|27/04/2017|0000270417|TRASPASO A CUENTA DE TERCEROS|791|8846|$0.00|$10,200.02|$2,687,102.55|106081|IVA:00001406.90    , A LA CUENTA: 0684004832, PAGO PEDIDO 453943 AL R.F.C. MYL840202HA5
0559478361|27/04/2017|27/04/2017|0000000000|Comision x Internet 270417|726|8846|$0.00|$3.00|$2,687,099.55|106082|Transferencias Tercero Banorte
0559478361|27/04/2017|27/04/2017|0000000000|IVA Com  x Internet 270417|517|8846|$0.00|$0.48|$2,687,099.07|106083|Transferencias Tercero Banorte
0559478361|27/04/2017|27/04/2017|0000270417|TRASPASO A CUENTA DE TERCEROS|791|8846|$0.00|$28,088.36|$2,659,010.71|106084|IVA:00003874.36    , A LA CUENTA: 0441840214, FACT 726C AL R.F.C. BAHM721221NN5
0559478361|27/04/2017|27/04/2017|0000000000|Comision x Internet 270417|726|8846|$0.00|$3.00|$2,659,007.71|106085|Transferencias Tercero Banorte
0559478361|27/04/2017|27/04/2017|0000000000|IVA Com  x Internet 270417|517|8846|$0.00|$0.48|$2,659,007.23|106086|Transferencias Tercero Banorte
0559478361|27/04/2017|27/04/2017|0000270417|TRASPASO A CUENTA DE TERCEROS|791|8846|$0.00|$7,694.28|$2,651,312.95|106087|IVA:00001061.28    , A LA CUENTA: 0157629091, PRESUPUESTO 488449 AL R.F.C. SOB811020LA3
0559478361|27/04/2017|27/04/2017|0000000000|Comision x Internet 270417|726|8846|$0.00|$3.00|$2,651,309.95|106088|Transferencias Tercero Banorte
0559478361|27/04/2017|27/04/2017|0000000000|IVA Com  x Internet 270417|517|8846|$0.00|$0.48|$2,651,309.47|106089|Transferencias Tercero Banorte
0559478361|27/04/2017|27/04/2017|0502643060|DEPOSITO DE CUENTA DE TERCEROS|263|8502|$4,819.50|$0.00|$2,656,128.97|106090|DE LA CUENTA 0822890256, SJGE 936125
0559478361|27/04/2017|27/04/2017|0000270417|TRASPASO  A CTA :   0674931198|504|4264|$0.00|$1,862,400.81|$793,728.16|106091|IVA:00002121.44    ,A CUENTA   0674931198, 470347024708470647014700 AL R.F.C. EES110315U16
0559478361|27/04/2017|27/04/2017|0000270417|COM OPER INET|726|4264|$0.00|$3.00|$793,725.16|106092|Operacion Conexion Banorte
0559478361|27/04/2017|27/04/2017|0000270417|I.V.A.|517|4264|$0.00|$0.48|$793,724.68|106093|Operacion Conexion Banorte
0559478361|27/04/2017|27/04/2017|0000270417|TRASPASO  A CTA :   0848957908|504|4264|$0.00|$162,946.31|$630,778.37|106094|IVA:00000155.10    ,A CUENTA   0848957908, TERCEROS AL R.F.C. TAR1206259Q5
0559478361|27/04/2017|27/04/2017|0000270417|COM OPER INET|726|4264|$0.00|$3.00|$630,775.37|106095|Operacion Conexion Banorte
0559478361|27/04/2017|27/04/2017|0000270417|I.V.A.|517|4264|$0.00|$0.48|$630,774.89|106096|Operacion Conexion Banorte
0559478361|27/04/2017|27/04/2017|0000270417|TRASPASO  A CTA :   0529927406|504|4264|$0.00|$251,474.08|$379,300.81|106097|IVA:00000282.76    ,A CUENTA   0529927406, E979E978 AL R.F.C. EMI0608082A7
0559478361|27/04/2017|27/04/2017|0000270417|COM OPER INET|726|4264|$0.00|$3.00|$379,297.81|106098|Operacion Conexion Banorte
0559478361|27/04/2017|27/04/2017|0000270417|I.V.A.|517|4264|$0.00|$0.48|$379,297.33|106099|Operacion Conexion Banorte
0559478361|27/04/2017|27/04/2017|0000270417|DEPOSITO DE CUENTA PROPIA|262|8846|$1,000,000.00|$0.00|$1,379,297.33|106100|DE LA CUENTA 0004686365, TRASPASO PRESUPUESTO PROVEEDOR
0559478361|27/04/2017|27/04/2017|0000000000|RETIRO DEP ELECTRONICO|515|0373|$0.00|$867,678.00|$511,619.33|106101|DE LA EMISORA : 16924
0559478361|28/04/2017|28/04/2017|0000000000|002601001704280000059204|003|5663|$1,709.10|$0.00|$513,328.43|106102|SPEI RECIBIDO DEL BANCO 0012 BBVA BANCOMER, DEL CLIENTE DR JOSE POLAK SA DE CV, DE LA CLABE 012180004433444529   CON RFC DJP850125B51, CONCEPTO: 0000101151, REFERENCIA: 0101151 CVE RAST: 002601001704280000059204
0559478361|28/04/2017|28/04/2017|0000280417|DEPOSITO DE CUENTA DE TERCEROS|263|8846|$31,205.00|$0.00|$544,533.43|106103|DE LA CUENTA 0702004438, F 805,2393,806
0559478361|28/04/2017|28/04/2017|0000004856|COMPRA ORDEN DE PAGO SPEI|511|8846|$0.00|$304,091.25|$240,442.18|106104|= REFERENCIA  CTA/CLABE: 014180655026013015, BEM SPEI, BCO:014 BENEFICIARIO:CONSORCIO GASOLINERO PLUS SA, C4856 DIESEL ATQS FACT GI 305721, CVE RASTREO: 8846APA7201704280445499538 RFC: CGP970522EE4, IVA: 000000041152.37 SANTANDER
0559478361|28/04/2017|28/04/2017|0000000000|COMISION ORDEN DE PAGO SPEI|537|8846|$0.00|$8.90|$240,433.28|106105|REFERENCIA: 0004856
0559478361|28/04/2017|28/04/2017|0000000000|I.V.A. ORDEN DE PAGO SPEI|517|8846|$0.00|$1.42|$240,431.86|106106|REFERENCIA: 0004856
0559478361|28/04/2017|28/04/2017|0000000000|036INBU2804201726135066|003|5663|$1,020.60|$0.00|$241,452.46|106107|SPEI RECIBIDO DEL BANCO 0036 INBURSA, DEL CLIENTE LEGAS   ASAZ FARMACEUTICA SA DE CV, DE LA CLABE 036180500337324539   CON RFC LAA160510697, CONCEPTO: 100077679, REFERENCIA: 0170428 CVE RAST: 036INBU2804201726135066
0559478361|28/04/2017|28/04/2017|0000012283|CHEQUE 0012283|508|0004|$0.00|$12,285.75|$229,166.71|106108|
0559478361|28/04/2017|28/04/2017|0000011111|DEPOSITO DE CUENTA DE TERCEROS|263|8846|$2,198.16|$0.00|$231,364.87|106109|DE LA CUENTA 0693296302, PAGO FACTURA NO.  SJGE 944341
0559478361|28/04/2017|28/04/2017|0000000000|085903785750311872|003|5663|$14,701.59|$0.00|$246,066.46|106110|SPEI RECIBIDO DEL BANCO 0002 BANAMEX, DEL CLIENTE ASTROLLANTAS MEXICO SA DE CV, DE LA CLABE 002180049153931824   CON RFC AAC980126N12, CONCEPTO: AST0012785, REFERENCIA: 0280417 CVE RAST: 085903785750311872
0559478361|28/04/2017|28/04/2017|0000000000|085903785780311878|003|5663|$4,504.50|$0.00|$250,570.96|106111|SPEI RECIBIDO DEL BANCO 0002 BANAMEX, DEL CLIENTE ASTROLLANTAS MEXICO SA DE CV, DE LA CLABE 002180049153931824   CON RFC AAC980126N12, CONCEPTO: AST0012754, REFERENCIA: 0280417 CVE RAST: 085903785780311878
0559478361|28/04/2017|28/04/2017|0000000000|085903785810311877|003|5663|$5,577.40|$0.00|$256,148.36|106112|SPEI RECIBIDO DEL BANCO 0002 BANAMEX, DEL CLIENTE ASTROLLANTAS MEXICO SA DE CV, DE LA CLABE 002180049153931824   CON RFC AAC980126N12, CONCEPTO: AST0012801, REFERENCIA: 0280417 CVE RAST: 085903785810311877
0559478361|28/04/2017|28/04/2017|0000000000|085903785820311879|003|5663|$10,634.90|$0.00|$266,783.26|106113|SPEI RECIBIDO DEL BANCO 0002 BANAMEX, DEL CLIENTE ASTROLLANTAS MEXICO SA DE CV, DE LA CLABE 002180049153931824   CON RFC AAC980126N12, CONCEPTO: AST0012841, REFERENCIA: 0280417 CVE RAST: 085903785820311879
0559478361|28/04/2017|28/04/2017|0000000000|085903785770311878|003|5663|$7,878.14|$0.00|$274,661.40|106114|SPEI RECIBIDO DEL BANCO 0002 BANAMEX, DEL CLIENTE ASTROLLANTAS MEXICO SA DE CV, DE LA CLABE 002180049153931824   CON RFC AAC980126N12, CONCEPTO: AST0012745, REFERENCIA: 0280417 CVE RAST: 085903785770311878
0559478361|28/04/2017|28/04/2017|0000280417|COMPRA ORDEN DE PAGO SPEI|511|8846|$0.00|$41,360.14|$233,301.26|106115|= REFERENCIA  CTA/CLABE: 012320004480778354, BEM SPEI, BCO:012 BENEFICIARIO:PEGASUS CONTROL SA DE CV, FACT 9673 9896, CVE RASTREO: 8846APAB201704280445603076 RFC: PCO960701A49, IVA: 000000005704.85 BBVA BANCOMER
0559478361|28/04/2017|28/04/2017|0000000000|COMISION ORDEN DE PAGO SPEI|537|8846|$0.00|$8.90|$233,292.36|106116|REFERENCIA: 0280417
0559478361|28/04/2017|28/04/2017|0000000000|I.V.A. ORDEN DE PAGO SPEI|517|8846|$0.00|$1.42|$233,290.94|106117|REFERENCIA: 0280417
0559478361|28/04/2017|28/04/2017|0000280417|COMPRA ORDEN DE PAGO SPEI|511|8846|$0.00|$15,966.51|$217,324.43|106118|= REFERENCIA  CTA/CLABE: 002180095783240272, BEM SPEI, BCO:002 BENEFICIARIO:LARSON TECHNOLOGY SA DE CV, FACT A 494, CVE RASTREO: 8846APAB201704280445603078 RFC: LTE081024AW1, IVA: 000000002202.27 BANAMEX
0559478361|28/04/2017|28/04/2017|0000000000|COMISION ORDEN DE PAGO SPEI|537|8846|$0.00|$8.90|$217,315.53|106119|REFERENCIA: 0280417
0559478361|28/04/2017|28/04/2017|0000000000|I.V.A. ORDEN DE PAGO SPEI|517|8846|$0.00|$1.42|$217,314.11|106120|REFERENCIA: 0280417
0559478361|28/04/2017|28/04/2017|0000000062|DEPOSITO DE CUENTA DE TERCEROS|263|8846|$7,812.80|$0.00|$225,126.91|106121|DE LA CUENTA 0210555590, FACT. SJGE-933131
0559478361|28/04/2017|28/04/2017|0000280417|TRASPASO A CUENTA DE TERCEROS|791|8846|$0.00|$13,925.10|$211,201.81|106122|IVA:00001920.69    , A LA CUENTA: 0268631093, FACT 155 AL R.F.C. CTM141204M11
0559478361|28/04/2017|28/04/2017|0000000000|Comision x Internet 280417|726|8846|$0.00|$3.00|$211,198.81|106123|Transferencias Tercero Banorte
0559478361|28/04/2017|28/04/2017|0000000000|IVA Com  x Internet 280417|517|8846|$0.00|$0.48|$211,198.33|106124|Transferencias Tercero Banorte
0559478361|28/04/2017|28/04/2017|0000280417|TRASPASO A CUENTA DE TERCEROS|791|8846|$0.00|$3,248.00|$207,950.33|106125|IVA:00000448.00    , A LA CUENTA: 0684004832, PAGO ORDEN 012612-B AL R.F.C. MYL840202HA5
0559478361|28/04/2017|28/04/2017|0000000000|Comision x Internet 280417|726|8846|$0.00|$3.00|$207,947.33|106126|Transferencias Tercero Banorte
0559478361|28/04/2017|28/04/2017|0000000000|IVA Com  x Internet 280417|517|8846|$0.00|$0.48|$207,946.85|106127|Transferencias Tercero Banorte
0559478361|28/04/2017|28/04/2017|0502698050|DEPOSITO DE CUENTA DE TERCEROS|263|8846|$810.00|$0.00|$208,756.85|106128|DE LA CUENTA 0504661435, PAGO NOTA E15762245
0559478361|28/04/2017|28/04/2017|0002804172|DEPOSITO DE CUENTA DE TERCEROS|263|8846|$7,060.00|$0.00|$215,816.85|106129|DE LA CUENTA 0853273899, pago de factura selah
0559478361|28/04/2017|28/04/2017|0000000000|DEPOSITO CHQ.BANORTE 0000284|080|2004|$7,841.50|$0.00|$223,658.35|106130|DEPOSITO DE LA CUENTA : 0457098276
0559478361|28/04/2017|28/04/2017|0000000000|DEPOSITO CHQ.BANORTE 0000283|080|2004|$9,802.00|$0.00|$233,460.35|106131|DEPOSITO DE LA CUENTA : 0457098276
0559478361|28/04/2017|28/04/2017|0002804201|DEPOSITO DE CUENTA DE TERCEROS|263|8846|$2,699.60|$0.00|$236,159.95|106132|DE LA CUENTA 0299002292, Fact SJGE 943059
0559478361|28/04/2017|28/04/2017|0002804201|DEPOSITO DE CUENTA DE TERCEROS|263|8846|$2,583.90|$0.00|$238,743.85|106133|DE LA CUENTA 0299002292, Fact SJGE 933185
0559478361|28/04/2017|28/04/2017|0002804201|DEPOSITO DE CUENTA DE TERCEROS|263|8846|$3,201.44|$0.00|$241,945.29|106134|DE LA CUENTA 0299002292, Fact SJGE 912020
0559478361|28/04/2017|28/04/2017|0002804201|DEPOSITO DE CUENTA DE TERCEROS|263|8846|$4,641.30|$0.00|$246,586.59|106135|DE LA CUENTA 0299001199, Fact SJGE 937981
0559478361|28/04/2017|28/04/2017|0002804201|DEPOSITO DE CUENTA DE TERCEROS|263|8846|$3,104.01|$0.00|$249,690.60|106136|DE LA CUENTA 0299001199, Fact SJGE 929423
0559478361|28/04/2017|28/04/2017|0002804201|DEPOSITO DE CUENTA DE TERCEROS|263|8846|$4,389.84|$0.00|$254,080.44|106137|DE LA CUENTA 0299001199, Fact SJGE 925797
0559478361|28/04/2017|28/04/2017|0028042017|DEPOSITO DE CUENTA DE TERCEROS|263|8846|$890.24|$0.00|$254,970.68|106138|DE LA CUENTA 0299001199, Fact SJGE 910805
0559478361|28/04/2017|28/04/2017|0002804201|DEPOSITO DE CUENTA DE TERCEROS|263|8846|$3,235.68|$0.00|$258,206.36|106139|DE LA CUENTA 0299001199, Fact SJGE 912877
0559478361|28/04/2017|28/04/2017|0002804201|DEPOSITO DE CUENTA DE TERCEROS|263|8846|$3,055.92|$0.00|$261,262.28|106140|DE LA CUENTA 0299001199, Fact SJGE 910803
0559478361|28/04/2017|28/04/2017|0000280417|DEPOSITO DE CUENTA PROPIA|262|8846|$620,000.00|$0.00|$881,262.28|106141|DE LA CUENTA 0004686365, TRASPASO PRESUPUESTO PROVEEDOR
0559478361|28/04/2017|28/04/2017|0000280417|DEPOSITO DE CUENTA PROPIA|262|8846|$600,000.00|$0.00|$1,481,262.28|106142|DE LA CUENTA 0004686365, TRASPASO PRESUPUESTO PROVEEDOR
0559478361|28/04/2017|28/04/2017|0000280417|COMPRA ORDEN DE PAGO SPEI|511|8846|$0.00|$560.28|$1,480,702.00|106143|= REFERENCIA  CTA/CLABE: 127180013417774625, BEM SPEI, BCO:127 BENEFICIARIO:ERENDIRA RANGEL ROMO, PENSION ALIMENTICIA SEM 17, CVE RASTREO: 8846CAP1201704280445937774 RFC: RARE010101010, IVA: 000000000000.00 AZTECA
0559478361|28/04/2017|28/04/2017|0000000000|COMISION ORDEN DE PAGO SPEI|537|8846|$0.00|$8.90|$1,480,693.10|106144|REFERENCIA: 0280417
0559478361|28/04/2017|28/04/2017|0000000000|I.V.A. ORDEN DE PAGO SPEI|517|8846|$0.00|$1.42|$1,480,691.68|106145|REFERENCIA: 0280417
0559478361|28/04/2017|28/04/2017|0000280417|TRASPASO A CUENTA DE TERCEROS|791|8846|$0.00|$449.77|$1,480,241.91|106146|IVA:00000000.00    , A LA CUENTA: 0809024539, PENSION ALIMENTICIA SEM 17 AL R.F.C. MIRI690210RU8
0559478361|28/04/2017|28/04/2017|0000000000|Comision x Internet 280417|726|8846|$0.00|$3.00|$1,480,238.91|106147|Transferencias Tercero Banorte
0559478361|28/04/2017|28/04/2017|0000000000|IVA Com  x Internet 280417|517|8846|$0.00|$0.48|$1,480,238.43|106148|Transferencias Tercero Banorte
0559478361|28/04/2017|28/04/2017|0000280417|1264353CARGO TRANSFERENCIA ELE|503|4264|$0.00|$1,879.00|$1,478,359.43|106149|CTA/CLABE: 021180063968918170, CB TEF, BCO 021,BENEFICIARIO PEREZ SOSA JOSE LUIS, CVE RASTREO:    1264353 RFC: PESL700821BG7, AL R.F.C.                IVA:00000000.00, TERCEROS
0559478361|28/04/2017|28/04/2017|0000280417|COM OPER INET|726|4264|$0.00|$3.00|$1,478,356.43|106150|Operacion Conexion Banorte
0559478361|28/04/2017|28/04/2017|0000280417|I.V.A.|517|4264|$0.00|$0.48|$1,478,355.95|106151|Operacion Conexion Banorte
0559478361|28/04/2017|28/04/2017|0000280417|1264354CARGO TRANSFERENCIA ELE|503|4264|$0.00|$240.68|$1,478,115.27|106152|CTA/CLABE: 044180001059177526, CB TEF, BCO 044,BENEFICIARIO HOFFMAN ARIAS FRANZ CARL, CVE RASTREO:    1264354 RFC: HOAF6811092N1, AL R.F.C.                IVA:00000000.00, TERCEROS
0559478361|28/04/2017|28/04/2017|0000280417|COM OPER INET|726|4264|$0.00|$3.00|$1,478,112.27|106153|Operacion Conexion Banorte
0559478361|28/04/2017|28/04/2017|0000280417|I.V.A.|517|4264|$0.00|$0.48|$1,478,111.79|106154|Operacion Conexion Banorte
0559478361|28/04/2017|28/04/2017|0000280417|1264355CARGO TRANSFERENCIA ELE|503|4264|$0.00|$656.28|$1,477,455.51|106155|CTA/CLABE: 021180061270168801, CB TEF, BCO 021,BENEFICIARIO TRUJILLO GONZALEZ BLANCA SOLED, CVE RASTREO:    1264355 RFC: TRGB820911C15, AL R.F.C.                IVA:00000000.00, TERCEROS
0559478361|28/04/2017|28/04/2017|0000280417|COM OPER INET|726|4264|$0.00|$3.00|$1,477,452.51|106156|Operacion Conexion Banorte
0559478361|28/04/2017|28/04/2017|0000280417|I.V.A.|517|4264|$0.00|$0.48|$1,477,452.03|106157|Operacion Conexion Banorte
0559478361|28/04/2017|28/04/2017|0000280417|TRASPASO  A CTA :   0421642652|504|4264|$0.00|$716.39|$1,476,735.64|106158|IVA:00000000.93    ,A CUENTA   0421642652, TERCEROS AL R.F.C. CORL850930787
0559478361|28/04/2017|28/04/2017|0000280417|COM OPER INET|726|4264|$0.00|$3.00|$1,476,732.64|106159|Operacion Conexion Banorte
0559478361|28/04/2017|28/04/2017|0000280417|I.V.A.|517|4264|$0.00|$0.48|$1,476,732.16|106160|Operacion Conexion Banorte
0559478361|28/04/2017|28/04/2017|0000280417|TRASPASO  A CTA :   0407646935|504|4264|$0.00|$439.00|$1,476,293.16|106161|IVA:00000000.57    ,A CUENTA   0407646935, TERCEROS AL R.F.C. ROGN810109QX1
0559478361|28/04/2017|28/04/2017|0000280417|COM OPER INET|726|4264|$0.00|$3.00|$1,476,290.16|106162|Operacion Conexion Banorte
0559478361|28/04/2017|28/04/2017|0000280417|I.V.A.|517|4264|$0.00|$0.48|$1,476,289.68|106163|Operacion Conexion Banorte
0559478361|28/04/2017|28/04/2017|0000280417|1264356CARGO TRANSFERENCIA ELE|503|4264|$0.00|$635.00|$1,475,654.68|106164|CTA/CLABE: 012180004441884896, CB TEF, BCO 012,BENEFICIARIO LABORATORIO CLINICO DE JESUS S, CVE RASTREO:    1264356 RFC: LCJ870702F17, AL R.F.C.                IVA:00000000.00, TERCEROS
0559478361|28/04/2017|28/04/2017|0000280417|COM OPER INET|726|4264|$0.00|$3.00|$1,475,651.68|106165|Operacion Conexion Banorte
0559478361|28/04/2017|28/04/2017|0000280417|I.V.A.|517|4264|$0.00|$0.48|$1,475,651.20|106166|Operacion Conexion Banorte
0559478361|28/04/2017|28/04/2017|0000280417|1264357CARGO TRANSFERENCIA ELE|503|4264|$0.00|$287.60|$1,475,363.60|106167|CTA/CLABE: 021180063898342793, CB TEF, BCO 021,BENEFICIARIO CABRERA MORENO CLAUDIA KARINA, CVE RASTREO:    1264357 RFC: CAMC830213Z21, AL R.F.C.                IVA:00000000.00, TERCEROS
0559478361|28/04/2017|28/04/2017|0000280417|COM OPER INET|726|4264|$0.00|$3.00|$1,475,360.60|106168|Operacion Conexion Banorte
0559478361|28/04/2017|28/04/2017|0000280417|I.V.A.|517|4264|$0.00|$0.48|$1,475,360.12|106169|Operacion Conexion Banorte
0559478361|28/04/2017|28/04/2017|0000280417|TRASPASO  A CTA :   0530126755|504|4264|$0.00|$75,549.99|$1,399,810.13|106170|IVA:00000084.95    ,A CUENTA   0530126755, DF058779 AL R.F.C. DOC960723EK2
0559478361|28/04/2017|28/04/2017|0000280417|COM OPER INET|726|4264|$0.00|$3.00|$1,399,807.13|106171|Operacion Conexion Banorte
0559478361|28/04/2017|28/04/2017|0000280417|I.V.A.|517|4264|$0.00|$0.48|$1,399,806.65|106172|Operacion Conexion Banorte
0559478361|28/04/2017|28/04/2017|0000280417|1264358CARGO TRANSFERENCIA ELE|503|4264|$0.00|$980.88|$1,398,825.77|106173|CTA/CLABE: 002180476400151247, CB TEF, BCO 002,BENEFICIARIO ZOZALLAS PANTOJA MARIA DE LA L, CVE RASTREO:    1264358 RFC: ZOPM750505F5, AL R.F.C.                IVA:00000000.00, TERCEROS
0559478361|28/04/2017|28/04/2017|0000280417|COM OPER INET|726|4264|$0.00|$3.00|$1,398,822.77|106174|Operacion Conexion Banorte
0559478361|28/04/2017|28/04/2017|0000280417|I.V.A.|517|4264|$0.00|$0.48|$1,398,822.29|106175|Operacion Conexion Banorte
0559478361|28/04/2017|28/04/2017|0000280417|1264360CARGO TRANSFERENCIA ELE|503|4264|$0.00|$15,192.71|$1,383,629.58|106176|CTA/CLABE: 002180024180062888, CB TEF, BCO 002,BENEFICIARIO ROJAS SERNA RUBEN, CVE RASTREO:    1264360 RFC: ROSR670423R12, AL R.F.C.                IVA:00000000.00, 140
0559478361|28/04/2017|28/04/2017|0000280417|COM OPER INET|726|4264|$0.00|$3.00|$1,383,626.58|106177|Operacion Conexion Banorte
0559478361|28/04/2017|28/04/2017|0000280417|I.V.A.|517|4264|$0.00|$0.48|$1,383,626.10|106178|Operacion Conexion Banorte
0559478361|28/04/2017|28/04/2017|0000280417|TRASPASO  A CTA :   0826648642|504|4264|$0.00|$404.00|$1,383,222.10|106179|IVA:00000000.52    ,A CUENTA   0826648642, TERCEROS AL R.F.C. REIT740513R33
0559478361|28/04/2017|28/04/2017|0000280417|COM OPER INET|726|4264|$0.00|$3.00|$1,383,219.10|106180|Operacion Conexion Banorte
0559478361|28/04/2017|28/04/2017|0000280417|I.V.A.|517|4264|$0.00|$0.48|$1,383,218.62|106181|Operacion Conexion Banorte
0559478361|28/04/2017|28/04/2017|0000280417|TRASPASO  A CTA :   0828338116|504|4264|$0.00|$353.28|$1,382,865.34|106182|IVA:00000000.46    ,A CUENTA   0828338116, TERCEROS AL R.F.C. SEPI780206B70
0559478361|28/04/2017|28/04/2017|0000280417|COM OPER INET|726|4264|$0.00|$3.00|$1,382,862.34|106183|Operacion Conexion Banorte
0559478361|28/04/2017|28/04/2017|0000280417|I.V.A.|517|4264|$0.00|$0.48|$1,382,861.86|106184|Operacion Conexion Banorte
0559478361|28/04/2017|28/04/2017|0000280417|TRASPASO  A CTA :   0529927406|504|4264|$0.00|$406,828.24|$976,033.62|106185|IVA:00000457.45    ,A CUENTA   0529927406, E982E980E981 AL R.F.C. EMI0608082A7
0559478361|28/04/2017|28/04/2017|0000280417|COM OPER INET|726|4264|$0.00|$3.00|$976,030.62|106186|Operacion Conexion Banorte
0559478361|28/04/2017|28/04/2017|0000280417|I.V.A.|517|4264|$0.00|$0.48|$976,030.14|106187|Operacion Conexion Banorte
0559478361|28/04/2017|28/04/2017|0000280417|TRASPASO  A CTA :   0435190879|504|4264|$0.00|$197,675.71|$778,354.43|106188|IVA:00000257.83    ,A CUENTA   0435190879, TERCEROS AL R.F.C. CAAF660605CM7
0559478361|28/04/2017|28/04/2017|0000280417|COM OPER INET|726|4264|$0.00|$3.00|$778,351.43|106189|Operacion Conexion Banorte
0559478361|28/04/2017|28/04/2017|0000280417|I.V.A.|517|4264|$0.00|$0.48|$778,350.95|106190|Operacion Conexion Banorte
0559478361|28/04/2017|28/04/2017|0000280417|TRASPASO  A CTA :   0877594965|504|4264|$0.00|$525.24|$777,825.71|106191|IVA:00000000.68    ,A CUENTA   0877594965, TERCEROS AL R.F.C. LIAM780831TM8
0559478361|28/04/2017|28/04/2017|0000280417|COM OPER INET|726|4264|$0.00|$3.00|$777,822.71|106192|Operacion Conexion Banorte
0559478361|28/04/2017|28/04/2017|0000280417|I.V.A.|517|4264|$0.00|$0.48|$777,822.23|106193|Operacion Conexion Banorte
0559478361|28/04/2017|28/04/2017|0000280417|TRASPASO  A CTA :   0527306623|504|4264|$0.00|$132,185.12|$645,637.11|106194|IVA:00000172.41    ,A CUENTA   0527306623, TERCEROS AL R.F.C. GME540707CD1
0559478361|28/04/2017|28/04/2017|0000280417|COM OPER INET|726|4264|$0.00|$3.00|$645,634.11|106195|Operacion Conexion Banorte
0559478361|28/04/2017|28/04/2017|0000280417|I.V.A.|517|4264|$0.00|$0.48|$645,633.63|106196|Operacion Conexion Banorte
0559478361|28/04/2017|28/04/2017|0000280417|TRASPASO  A CTA :   0004686365|504|4264|$0.00|$21,776.66|$623,856.97|106197|IVA:00000028.40    ,A CUENTA   0004686365, TERCEROS AL R.F.C. GME540707CD1
0559478361|28/04/2017|28/04/2017|0000280417|COM OPER INET|726|4264|$0.00|$3.00|$623,853.97|106198|Operacion Conexion Banorte
0559478361|28/04/2017|28/04/2017|0000280417|I.V.A.|517|4264|$0.00|$0.48|$623,853.49|106199|Operacion Conexion Banorte
0559478361|28/04/2017|28/04/2017|0000280417|TRASPASO  A CTA :   0004668944|504|4264|$0.00|$366,315.24|$257,538.25|106200|IVA:00000426.60    ,A CUENTA   0004668944, TERCEROS AL R.F.C. THI750725EX3
0559478361|28/04/2017|28/04/2017|0000280417|COM OPER INET|726|4264|$0.00|$3.00|$257,535.25|106201|Operacion Conexion Banorte
0559478361|28/04/2017|28/04/2017|0000280417|I.V.A.|517|4264|$0.00|$0.48|$257,534.77|106202|Operacion Conexion Banorte
0559478361|28/04/2017|28/04/2017|0000021818|DEPOSITO DE CUENTA DE TERCEROS|263|8846|$5,756.20|$0.00|$263,290.97|106203|DE LA CUENTA 0671022572, T 21818
0559478361|28/04/2017|28/04/2017|0000000000|COMISION POR RENTA MENSUAL|537|8846|$0.00|$300.00|$262,990.97|106204|RENTA BEM INTERNET MES ABRIL       0000007158
0559478361|28/04/2017|28/04/2017|0000000000|IVA POR RENTA MENSUAL|517|8846|$0.00|$48.00|$262,942.97|106205|RENTA BEM INTERNET MES ABRIL       0000007158
0559478361|28/04/2017|28/04/2017|0000000000|COM.CHQ.EXPED.  LIQ 2017-04-30|539|0314|$0.00|$322.00|$262,620.97|106206|
0559478361|28/04/2017|28/04/2017|0000000000|I.V.A.          LIQ 2017-04-30|517|0314|$0.00|$51.52|$262,569.45|106207|
0559478361|29/04/2017|02/05/2017|0000000000|BNET01001705020000099910|003|5663|$4,969.10|$0.00|$267,538.55|106208|SPEI RECIBIDO DEL BANCO 0012 BBVA BANCOMER, DEL CLIENTE COMERCIALIZADORA CORRO SA DE CV, DE LA CLABE 012180001940881746   CON RFC CCO030306811, CONCEPTO: PAGO FAC GAS, REFERENCIA: 0060417 CVE RAST: BNET01001705020000099910