Cuenta|Fecha de Operación|Fecha|Referencia|Descripcion|Cod. Transac|Sucursal|Depósitos|Retiros|Saldo|Movimiento|Descripción Detallada|Cheque
0004686365|01/06/2017|03/06/2017|0000000000|DEP.EFECTIVO|000|0679|$250,000.00|$0.00|$430,721.89|340989|
0004686365|03/06/2017|03/06/2017|0000000000|DEP.EFECTIVO|000|0004|$48,733.18|$0.00|$479,455.07|340990|
0004686365|03/06/2017|03/06/2017|0000000000|DEP.EFECTIVO|000|0004|$68,330.50|$0.00|$547,785.57|340991|
0004686365|03/06/2017|03/06/2017|0000000000|DEP.EFECTIVO|000|0004|$12,863.30|$0.00|$560,648.87|340992|
0004686365|03/06/2017|03/06/2017|0000000000|DEP.EFECTIVO|000|0004|$92,739.05|$0.00|$653,387.92|340993|
0004686365|03/06/2017|03/06/2017|0000000000|DEP.EFECTIVO|000|0004|$37,280.08|$0.00|$690,668.00|340994|
0004686365|03/06/2017|03/06/2017|0000000000|DEP.EFECTIVO|000|0004|$10,502.00|$0.00|$701,170.00|340995|
0004686365|03/06/2017|03/06/2017|0000000000|DEP.EFECTIVO|000|0004|$59,670.49|$0.00|$760,840.49|340996|
0004686365|03/06/2017|03/06/2017|0000000000|DEPOSITO EN EFECTIVO|000|0357|$1,400.00|$0.00|$762,240.49|340997|MEXICO
0004686365|03/06/2017|03/06/2017|0000030417|TRASPASO A CUENTA PROPIA|790|8846|$0.00|$500,000.00|$262,240.49|340998|IVA:00000000.00    , A LA CUENTA 0559478361, TRASPASO PRESUPUESTO PROVEEDOR AL R.F.C. GME540707CD1
0004686365|03/06/2017|03/06/2017|0000000000|DEP.EFECTIVO|000|0004|$190,320.93|$0.00|$452,561.42|340999|
0004686365|03/06/2017|03/06/2017|0000000000|DEP.EFECTIVO|000|0684|$131,051.06|$0.00|$583,612.48|341000|
0004686365|03/06/2017|03/06/2017|0000000000|DEP.EFECTIVO|000|0004|$28,676.60|$0.00|$612,289.08|341001|
0004686365|03/06/2017|03/06/2017|0000000000|DEP.EFECTIVO|000|0004|$55,752.37|$0.00|$668,041.45|341002|
0004686365|03/06/2017|03/06/2017|0000000000|DEP.EFECTIVO|000|0684|$356,681.85|$0.00|$1,024,723.30|341003|
0004686365|03/06/2017|03/06/2017|0000000000|DEP.EFECTIVO|000|0004|$101,000.00|$0.00|$1,125,723.30|341004|
0004686365|03/06/2017|03/06/2017|0000000000|DEP.EFECTIVO|000|0004|$31,723.00|$0.00|$1,157,446.30|341005|
0004686365|03/06/2017|03/06/2017|0000000000|DEP.EFECTIVO|000|0004|$10,000.00|$0.00|$1,167,446.30|341006|
0004686365|03/06/2017|03/06/2017|0000000000|DEP.EFECTIVO|000|0013|$639,342.95|$0.00|$1,806,789.25|341007|
0004686365|03/06/2017|03/06/2017|0000000000|HSBC038142|003|5663|$99,748.02|$0.00|$1,906,537.27|341008|SPEI RECIBIDO DEL BANCO 0021 HSBC, DEL CLIENTE GAS METROPOLITANO  S A  DE C V, DE LA CLABE 021180040293499743   CON RFC GME540707CD1, CONCEPTO: TRASP DEL DIA HSBC A BNTE CONCENT, REFERENCIA: 1170403 CVE RAST: HSBC038142
0004686365|03/06/2017|04/06/2017|0000000000|DEP. REMOTO CH. SBC 0001357|006|4543|$3,663.68|$0.00|$1,910,200.95|341009|CHEQUE RECIBIDO SBC POR SERVICIO DE DEPOSITOS REMOTOS, BCO. 044 CTA. 00106727135 NO.CHEQUE 0001357, REFERENCIA: 000000231032017
0004686365|03/06/2017|04/06/2017|0000000000|DEP. REMOTO CH. SBC 0005270|006|4543|$8,632.26|$0.00|$1,918,833.21|341010|CHEQUE RECIBIDO SBC POR SERVICIO DE DEPOSITOS REMOTOS, BCO. 044 CTA. 00100873152 NO.CHEQUE 0005270, REFERENCIA: 000000231032017
0004686365|03/06/2017|04/06/2017|0000000000|DEP. REMOTO CH. SBC 0000077|006|4543|$4,245.76|$0.00|$1,923,078.97|341011|CHEQUE RECIBIDO SBC POR SERVICIO DE DEPOSITOS REMOTOS, BCO. 044 CTA. 00102009839 NO.CHEQUE 0000077, REFERENCIA: 000003731032017
0004686365|03/06/2017|04/06/2017|0000000000|DEP. REMOTO CH. SBC 3483724|006|4543|$3,079.44|$0.00|$1,926,158.41|341012|CHEQUE RECIBIDO SBC POR SERVICIO DE DEPOSITOS REMOTOS, BCO. 042 CTA. 00340053532 NO.CHEQUE 3483724, REFERENCIA: 000019831032017
0004686365|03/06/2017|04/06/2017|0000000000|DEP. REMOTO CH. SBC 0000179|006|4543|$7,437.74|$0.00|$1,933,596.15|341013|CHEQUE RECIBIDO SBC POR SERVICIO DE DEPOSITOS REMOTOS, BCO. 044 CTA. 00101407745 NO.CHEQUE 0000179, REFERENCIA: 000003731032017
0004686365|03/06/2017|04/06/2017|0000000000|DEP. REMOTO CH. SBC 4141720|006|4543|$2,308.50|$0.00|$1,935,904.65|341014|CHEQUE RECIBIDO SBC POR SERVICIO DE DEPOSITOS REMOTOS, BCO. 032 CTA. 00012015555 NO.CHEQUE 4141720, REFERENCIA: 000019831032017
0004686365|03/06/2017|04/06/2017|0000000000|DEP. REMOTO CH. SBC 3346441|006|4543|$500.00|$0.00|$1,936,404.65|341015|CHEQUE RECIBIDO SBC POR SERVICIO DE DEPOSITOS REMOTOS, BCO. 042 CTA. 00340000048 NO.CHEQUE 3346441, REFERENCIA: 000000331032017
0004686365|03/06/2017|04/06/2017|0000000000|DEP. REMOTO CH. SBC 0000609|006|4543|$1,000.00|$0.00|$1,937,404.65|341016|CHEQUE RECIBIDO SBC POR SERVICIO DE DEPOSITOS REMOTOS, BCO. 036 CTA. 50017363371 NO.CHEQUE 0000609, REFERENCIA: 000000331032017
0004686365|03/06/2017|04/06/2017|0000000000|DEP. REMOTO CH. SBC 0003034|006|4543|$696.60|$0.00|$1,938,101.25|341017|CHEQUE RECIBIDO SBC POR SERVICIO DE DEPOSITOS REMOTOS, BCO. 044 CTA. 00104861094 NO.CHEQUE 0003034, REFERENCIA: 000000331032017
0004686365|03/06/2017|04/06/2017|0000000000|DEP. REMOTO CH. SBC 0000153|006|4543|$1,500.00|$0.00|$1,939,601.25|341018|CHEQUE RECIBIDO SBC POR SERVICIO DE DEPOSITOS REMOTOS, BCO. 044 CTA. 00101206242 NO.CHEQUE 0000153, REFERENCIA: 000000331032017
0004686365|03/06/2017|04/06/2017|0000000000|DEP. REMOTO CH. SBC 0000200|006|4543|$2,349.00|$0.00|$1,941,950.25|341019|CHEQUE RECIBIDO SBC POR SERVICIO DE DEPOSITOS REMOTOS, BCO. 044 CTA. 00107193907 NO.CHEQUE 0000200, REFERENCIA: 000000331032017
0004686365|03/06/2017|04/06/2017|0000000000|DEP. REMOTO CH. SBC 0000245|006|4543|$7,860.00|$0.00|$1,949,810.25|341020|CHEQUE RECIBIDO SBC POR SERVICIO DE DEPOSITOS REMOTOS, BCO. 030 CTA. 90000940146 NO.CHEQUE 0000245, REFERENCIA: 000019831032017
0004686365|03/06/2017|04/06/2017|0000000000|DEP. REMOTO CH. SBC 0000236|006|4543|$2,500.00|$0.00|$1,952,310.25|341021|CHEQUE RECIBIDO SBC POR SERVICIO DE DEPOSITOS REMOTOS, BCO. 036 CTA. 50029832718 NO.CHEQUE 0000236, REFERENCIA: 000000231032017
0004686365|03/06/2017|04/06/2017|0000000000|DEP. REMOTO CH. SBC 0000135|006|4543|$27,392.00|$0.00|$1,979,702.25|341022|CHEQUE RECIBIDO SBC POR SERVICIO DE DEPOSITOS REMOTOS, BCO. 030 CTA. 90000962691 NO.CHEQUE 0000135, REFERENCIA: 000000231032017
0004686365|03/06/2017|04/06/2017|0000000000|DEP. REMOTO CH. SBC 0000022|006|4543|$1,000.00|$0.00|$1,980,702.25|341023|CHEQUE RECIBIDO SBC POR SERVICIO DE DEPOSITOS REMOTOS, BCO. 044 CTA. 00109440256 NO.CHEQUE 0000022, REFERENCIA: 000000231032017
0004686365|03/06/2017|04/06/2017|0000000000|DEP. REMOTO CH. SBC 3083019|006|4543|$16,380.00|$0.00|$1,997,082.25|341024|CHEQUE RECIBIDO SBC POR SERVICIO DE DEPOSITOS REMOTOS, BCO. 042 CTA. 01600132837 NO.CHEQUE 3083019, REFERENCIA: 000003731032017
0004686365|03/06/2017|04/06/2017|0000000000|DEP. REMOTO CH. SBC 0026898|006|4543|$2,047.50|$0.00|$1,999,129.75|341025|CHEQUE RECIBIDO SBC POR SERVICIO DE DEPOSITOS REMOTOS, BCO. 044 CTA. 00109110364 NO.CHEQUE 0026898, REFERENCIA: 000003731032017
0004686365|03/06/2017|04/06/2017|0000000000|DEP. REMOTO CH. SBC 0002064|006|4543|$500.00|$0.00|$1,999,629.75|341026|CHEQUE RECIBIDO SBC POR SERVICIO DE DEPOSITOS REMOTOS, BCO. 044 CTA. 00102868210 NO.CHEQUE 0002064, REFERENCIA: 000000301042017
0004686365|03/06/2017|04/06/2017|0000000000|DEP. REMOTO CH. SBC 0005940|006|4543|$445.00|$0.00|$2,000,074.75|341027|CHEQUE RECIBIDO SBC POR SERVICIO DE DEPOSITOS REMOTOS, BCO. 036 CTA. 50030972859 NO.CHEQUE 0005940, REFERENCIA: 000000301042017
0004686365|03/06/2017|04/06/2017|0000000000|DEP. REMOTO CH. SBC 0000125|006|4543|$1,500.00|$0.00|$2,001,574.75|341028|CHEQUE RECIBIDO SBC POR SERVICIO DE DEPOSITOS REMOTOS, BCO. 036 CTA. 50021366818 NO.CHEQUE 0000125, REFERENCIA: 000000301042017
0004686365|03/06/2017|04/06/2017|0000000000|DEP. REMOTO CH. SBC 0001415|006|4543|$3,852.00|$0.00|$2,005,426.75|341029|CHEQUE RECIBIDO SBC POR SERVICIO DE DEPOSITOS REMOTOS, BCO. 036 CTA. 40123767529 NO.CHEQUE 0001415, REFERENCIA: 000000201042017
0004686365|03/06/2017|04/06/2017|0000000000|DEP. REMOTO CH. SBC 0000089|006|4543|$3,191.40|$0.00|$2,008,618.15|341030|CHEQUE RECIBIDO SBC POR SERVICIO DE DEPOSITOS REMOTOS, BCO. 044 CTA. 00101764292 NO.CHEQUE 0000089, REFERENCIA: 000019801042017
0004686365|03/06/2017|03/06/2017|0000000000|DEPOSITO REMOTO CHQS.BANORTE|080|4543|$947.70|$0.00|$2,009,565.85|341031|TOTAL DE          1 CHEQUES BANORTE RECIBIDOS, POR SERVICIO DE DEPOSITOS REMOTOS., REFERENCIA: 000000331032017
0004686365|03/06/2017|03/06/2017|0000000000|DEPOSITO REMOTO CHQS.BANORTE|080|4543|$12,068.50|$0.00|$2,021,634.35|341032|TOTAL DE          3 CHEQUES BANORTE RECIBIDOS, POR SERVICIO DE DEPOSITOS REMOTOS., REFERENCIA: 000019831032017
0004686365|03/06/2017|03/06/2017|0000000000|DEPOSITO REMOTO CHQS.BANORTE|080|4543|$32,983.52|$0.00|$2,054,617.87|341033|TOTAL DE          7 CHEQUES BANORTE RECIBIDOS, POR SERVICIO DE DEPOSITOS REMOTOS., REFERENCIA: 000000231032017
0004686365|03/06/2017|03/06/2017|0000000000|DEPOSITO REMOTO CHQS.BANORTE|080|4543|$6,930.00|$0.00|$2,061,547.87|341034|TOTAL DE          2 CHEQUES BANORTE RECIBIDOS, POR SERVICIO DE DEPOSITOS REMOTOS., REFERENCIA: 000003731032017
0004686365|03/06/2017|03/06/2017|0000000000|DEPOSITO REMOTO CHQS.BANORTE|080|4543|$4,250.61|$0.00|$2,065,798.48|341035|TOTAL DE          1 CHEQUES BANORTE RECIBIDOS, POR SERVICIO DE DEPOSITOS REMOTOS., REFERENCIA: 000000231032017
0004686365|03/06/2017|03/06/2017|0000000000|DEPOSITO REMOTO CHQS.BANORTE|080|4543|$1,990.40|$0.00|$2,067,788.88|341036|TOTAL DE          2 CHEQUES BANORTE RECIBIDOS, POR SERVICIO DE DEPOSITOS REMOTOS., REFERENCIA: 000000301042017
0004686365|03/06/2017|03/06/2017|0000000000|DEPOSITO REMOTO CHQS.BANORTE|080|4543|$12,155.50|$0.00|$2,079,944.38|341037|TOTAL DE          2 CHEQUES BANORTE RECIBIDOS, POR SERVICIO DE DEPOSITOS REMOTOS., REFERENCIA: 000000201042017
0004686365|03/06/2017|03/06/2017|0000000000|DEPOSITO REMOTO CHQS.BANORTE|080|4543|$1,000.00|$0.00|$2,080,944.38|341038|TOTAL DE          1 CHEQUES BANORTE RECIBIDOS, POR SERVICIO DE DEPOSITOS REMOTOS., REFERENCIA: 000000301042017
0004686365|03/06/2017|03/06/2017|0000000000|DEPOSITO REMOTO CHQS.BANORTE|080|4543|$3,000.00|$0.00|$2,083,944.38|341039|TOTAL DE          1 CHEQUES BANORTE RECIBIDOS, POR SERVICIO DE DEPOSITOS REMOTOS., REFERENCIA: 000019801042017
0004686365|03/06/2017|03/06/2017|0000030417|TRASPASO A CUENTA PROPIA|790|8846|$0.00|$773,584.02|$1,310,360.36|341040|IVA:00000000.00    , A LA CUENTA 0089348641, TRASPASO PAGO PEMEX AL R.F.C. GME540707CD1
0004686365|03/06/2017|03/06/2017|0000030417|TRASPASO DE CTA :   0559478361|004|4264|$20,450.50|$0.00|$1,330,810.86|341041|DE CUENTA  0559478361, TERCEROS
0004686365|03/06/2017|03/06/2017|0000000000|DEP.EFECTIVO|000|2011|$125,000.00|$0.00|$1,455,810.86|341042|
0004686365|03/06/2017|03/06/2017|0000000000|DEP.EFECTIVO|000|2011|$175,000.00|$0.00|$1,630,810.86|341043|
0004686365|03/06/2017|03/06/2017|0000000000|2017040340014 TCT0000470076180|003|5663|$455,312.95|$0.00|$2,086,123.81|341044|SPEI RECIBIDO DEL BANCO 0014 SANTANDER, DEL CLIENTE GAS METROPOLITANO SA DE CV, DE LA CLABE 014180655015916550   CON RFC ND, CONCEPTO: TRASPASO DEL DIA SANTANDER A BANORTE, REFERENCIA: 0030417 CVE RAST: 2017040340014 TCT0000470076180
0004686365|03/06/2017|03/06/2017|0000000000|DEP.EFECTIVO|000|2011|$200,000.00|$0.00|$2,286,123.81|341045|
0004686365|03/06/2017|03/06/2017|0000000000|DEP.EFECTIVO|000|0004|$64,000.00|$0.00|$2,350,123.81|341046|
0004686365|03/06/2017|03/06/2017|0000000000|INVERSION MDD|591|8100|$0.00|$2,200,000.00|$150,123.81|341047|CTO 0098937331 03/04
0004686365|04/06/2017|04/06/2017|0000000000|VENC. CAP. MDD|092|8100|$2,200,000.00|$0.00|$2,350,123.81|341048|CONTRATO 0098937331 FOLIO 37200097 04/04
0004686365|04/06/2017|04/06/2017|0000000000|INTERES MDD|093|8100|$207.78|$0.00|$2,350,331.59|341049|CONTRATO 0098937331 FOLIO 37200097 04/04
0004686365|04/06/2017|04/06/2017|0000000000|Impuesto Sobre la Renta|592|8100|$0.00|$34.96|$2,350,296.63|341050|CONTRATO 0098937331 FOLIO 37200097 04/04
0004686365|04/06/2017|04/06/2017|0000000000|DEP.EFECTIVO|000|0684|$68,239.16|$0.00|$2,418,535.79|341051|
0004686365|04/06/2017|04/06/2017|0000000000|DEP.EFECTIVO|000|0004|$95,589.20|$0.00|$2,514,124.99|341052|
0004686365|04/06/2017|04/06/2017|0000000000|DEP.EFECTIVO|000|0004|$369,301.53|$0.00|$2,883,426.52|341053|
0004686365|04/06/2017|04/06/2017|0000000000|DEP.EFECTIVO|000|0684|$266,340.87|$0.00|$3,149,767.39|341054|
0004686365|04/06/2017|04/06/2017|0000000000|002601001704040000028348|003|5663|$199,916.55|$0.00|$3,349,683.94|341055|SPEI RECIBIDO DEL BANCO 0012 BBVA BANCOMER, DEL CLIENTE GAS METROPOLITANO SA DE CV, DE LA CLABE 012180001543555987   CON RFC GME540707CD1, CONCEPTO: TRASPASO BANCOMER A BANORTE CONCENTRADOR, REFERENCIA: 0010417 CVE RAST: 002601001704040000028348
0004686365|04/06/2017|04/06/2017|0000040417|TRASPASO A CUENTA PROPIA|790|8846|$0.00|$241,630.59|$3,108,053.35|341056|IVA:00000000.00    , A LA CUENTA 0089348641, TRASPASO PAGO PEMEX AL R.F.C. GME540707CD1
0004686365|04/06/2017|04/06/2017|0000000000|085902094310309479|003|5663|$568,789.24|$0.00|$3,676,842.59|341057|SPEI RECIBIDO DEL BANCO 0002 BANAMEX, DEL CLIENTE GAS METROPOLITANO SA DE CV, DE LA CLABE 002180020842869349   CON RFC GME540707CD1, CONCEPTO: DEP ELECT DEL DIA 3 TRASP BTE CONCENTRAD, REFERENCIA: 0012345 CVE RAST: 085902094310309479
0004686365|04/06/2017|04/06/2017|0000040417|DEPOSITO DE CUENTA PROPIA|262|8846|$280,000.00|$0.00|$3,956,842.59|341058|DE LA CUENTA 0662334059, TRASPASO EST CARB A CONCENTRAD
0004686365|04/06/2017|04/06/2017|0000040417|DEPOSITO DE CUENTA PROPIA|262|8846|$180,000.00|$0.00|$4,136,842.59|341059|DE LA CUENTA 0526140549, TRASPASO REF A CONCENTRADORA
0004686365|04/06/2017|04/06/2017|0000040417|DEPOSITO DE CUENTA PROPIA|262|8846|$2,000,000.00|$0.00|$6,136,842.59|341060|DE LA CUENTA 0515492550, TRASPASO TPV A CONCENTRADORA
0004686365|04/06/2017|04/06/2017|0000000000|DEP.EFECTIVO|000|2011|$27,728.40|$0.00|$6,164,570.99|341061|
0004686365|04/06/2017|04/06/2017|0000000000|DEP.EFECTIVO|000|2011|$156,381.88|$0.00|$6,320,952.87|341062|
0004686365|04/06/2017|04/06/2017|0000000000|DEP.EFECTIVO|000|2011|$122,678.22|$0.00|$6,443,631.09|341063|
0004686365|04/06/2017|05/06/2017|0000000000|DEP. REMOTO CH. SBC 0004177|006|4543|$1,425.00|$0.00|$6,445,056.09|341064|CHEQUE RECIBIDO SBC POR SERVICIO DE DEPOSITOS REMOTOS, BCO. 044 CTA. 00107762089 NO.CHEQUE 0004177, REFERENCIA: 000000203042017
0004686365|04/06/2017|05/06/2017|0000000000|DEP. REMOTO CH. SBC 0000036|006|4543|$500.00|$0.00|$6,445,556.09|341065|CHEQUE RECIBIDO SBC POR SERVICIO DE DEPOSITOS REMOTOS, BCO. 036 CTA. 50022201715 NO.CHEQUE 0000036, REFERENCIA: 000019803042017
0004686365|04/06/2017|05/06/2017|0000000000|DEP. REMOTO CH. SBC 0000238|006|4543|$1,500.00|$0.00|$6,447,056.09|341066|CHEQUE RECIBIDO SBC POR SERVICIO DE DEPOSITOS REMOTOS, BCO. 044 CTA. 00107840357 NO.CHEQUE 0000238, REFERENCIA: 000019803042017
0004686365|04/06/2017|05/06/2017|0000000000|DEP. REMOTO CH. SBC 0001163|006|4543|$810.00|$0.00|$6,447,866.09|341067|CHEQUE RECIBIDO SBC POR SERVICIO DE DEPOSITOS REMOTOS, BCO. 062 CTA. 00131103239 NO.CHEQUE 0001163, REFERENCIA: 000019803042017
0004686365|04/06/2017|05/06/2017|0000000000|DEP. REMOTO CH. SBC 0001450|006|4543|$1,200.00|$0.00|$6,449,066.09|341068|CHEQUE RECIBIDO SBC POR SERVICIO DE DEPOSITOS REMOTOS, BCO. 044 CTA. 00100525359 NO.CHEQUE 0001450, REFERENCIA: 000019803042017
0004686365|04/06/2017|05/06/2017|0000000000|DEP. REMOTO CH. SBC 3361791|006|4543|$1,296.00|$0.00|$6,450,362.09|341069|CHEQUE RECIBIDO SBC POR SERVICIO DE DEPOSITOS REMOTOS, BCO. 042 CTA. 01600027049 NO.CHEQUE 3361791, REFERENCIA: 000000303042017
0004686365|04/06/2017|05/06/2017|0000000000|DEP. REMOTO CH. SBC 0000510|006|4543|$300.00|$0.00|$6,450,662.09|341070|CHEQUE RECIBIDO SBC POR SERVICIO DE DEPOSITOS REMOTOS, BCO. 036 CTA. 50025784931 NO.CHEQUE 0000510, REFERENCIA: 000000303042017
0004686365|04/06/2017|05/06/2017|0000000000|DEP. REMOTO CH. SBC 0000167|006|4543|$1,000.00|$0.00|$6,451,662.09|341071|CHEQUE RECIBIDO SBC POR SERVICIO DE DEPOSITOS REMOTOS, BCO. 036 CTA. 40127723194 NO.CHEQUE 0000167, REFERENCIA: 000000303042017
0004686365|04/06/2017|04/06/2017|0000000000|DEPOSITO REMOTO CHQS.BANORTE|080|4543|$2,000.00|$0.00|$6,453,662.09|341072|TOTAL DE          1 CHEQUES BANORTE RECIBIDOS, POR SERVICIO DE DEPOSITOS REMOTOS., REFERENCIA: 000019803042017
0004686365|04/06/2017|04/06/2017|0000000000|DEPOSITO REMOTO CHQS.BANORTE|080|4543|$2,895.10|$0.00|$6,456,557.19|341073|TOTAL DE          2 CHEQUES BANORTE RECIBIDOS, POR SERVICIO DE DEPOSITOS REMOTOS., REFERENCIA: 000000303042017
0004686365|04/06/2017|04/06/2017|0000000000|DEPOSITO REMOTO CHQS.BANORTE|080|4543|$3,554.10|$0.00|$6,460,111.29|341074|TOTAL DE          2 CHEQUES BANORTE RECIBIDOS, POR SERVICIO DE DEPOSITOS REMOTOS., REFERENCIA: 000000203042017
0004686365|04/06/2017|04/06/2017|0000000000|DEPOSITO REMOTO CHQS.BANORTE|080|4543|$3,726.00|$0.00|$6,463,837.29|341075|TOTAL DE          2 CHEQUES BANORTE RECIBIDOS, POR SERVICIO DE DEPOSITOS REMOTOS., REFERENCIA: 000000303042017
0004686365|04/06/2017|04/06/2017|0000000000|HSBC019128|003|5663|$10,990.22|$0.00|$6,474,827.51|341076|SPEI RECIBIDO DEL BANCO 0021 HSBC, DEL CLIENTE GAS METROPOLITANO  S A  DE C V, DE LA CLABE 021180040293499743   CON RFC GME540707CD1, CONCEPTO: TRASP DEL DIA HSBC A BNTE CONCENT, REFERENCIA: 1170404 CVE RAST: HSBC019128
0004686365|04/06/2017|04/06/2017|0000000000|DEV.CHEQUE LOCAL 0000000609|506|8068|$0.00|$1,000.00|$6,473,827.51|341077|FONDOS INSUFICIENTES
0004686365|04/06/2017|04/06/2017|0000000000|2017040440014 TCT0000472999800|003|5663|$6,500.40|$0.00|$6,480,327.91|341078|SPEI RECIBIDO DEL BANCO 0014 SANTANDER, DEL CLIENTE GAS METROPOLITANO SA DE CV, DE LA CLABE 014180655015916550   CON RFC ND, CONCEPTO: TRASPASO DEL DIA SANTANDER A BANORTE, REFERENCIA: 0040416 CVE RAST: 2017040440014 TCT0000472999800
0004686365|04/06/2017|04/06/2017|0000040417|TRASPASO A CUENTA DE TERCEROS|791|8846|$0.00|$6,362,895.35|$117,432.56|341079|IVA:00877640.74    , A LA CUENTA: 0449085936, PAGO FACT 4573 AL R.F.C. MOV1511129C8
0004686365|04/06/2017|04/06/2017|0000000000|Comision x Internet 040417|726|8846|$0.00|$3.00|$117,429.56|341080|Transferencias Tercero Banorte
0004686365|04/06/2017|04/06/2017|0000000000|IVA Com  x Internet 040417|517|8846|$0.00|$0.48|$117,429.08|341081|Transferencias Tercero Banorte
0004686365|04/06/2017|04/06/2017|0000000000|DEP.EFECTIVO|000|0004|$222,661.97|$0.00|$340,091.05|341082|
0004686365|04/06/2017|04/06/2017|0000040417|DEPOSITO DE CUENTA PROPIA|262|8846|$5,500,000.00|$0.00|$5,840,091.05|341083|DE LA CUENTA 0508363960, PTMO SERVIGAS A GAS METROPOLIT
0004686365|04/06/2017|04/06/2017|0000040417|DEPOSITO DE CUENTA PROPIA|262|8846|$4,500,000.00|$0.00|$10,340,091.05|341084|DE LA CUENTA 0188601662, PTMO GAS GALGO A GAS METROPOLI
0004686365|04/06/2017|04/06/2017|0000040417|DEPOSITO DE CUENTA PROPIA|262|8846|$5,000,000.00|$0.00|$15,340,091.05|341085|DE LA CUENTA 0559478361, TRASPASO PAGADORA BANORTE
0004686365|04/06/2017|04/06/2017|0000040417|TRASPASO A CUENTA DE TERCEROS|791|8846|$0.00|$15,301,271.36|$38,819.69|341086|IVA:02110520.19    , A LA CUENTA: 0449085936, FACTS 4589 4625 4628 4645 AL R.F.C. MOV1511129C8
0004686365|04/06/2017|04/06/2017|0000000000|Comision x Internet 040417|726|8846|$0.00|$3.00|$38,816.69|341087|Transferencias Tercero Banorte
0004686365|04/06/2017|04/06/2017|0000000000|IVA Com  x Internet 040417|517|8846|$0.00|$0.48|$38,816.21|341088|Transferencias Tercero Banorte
0004686365|05/06/2017|05/06/2017|0000000000|DEP.EFECTIVO|000|0004|$180,347.14|$0.00|$219,163.35|341089|
0004686365|05/06/2017|05/06/2017|0000000000|DEP.EFECTIVO|000|0013|$649,229.77|$0.00|$868,393.12|341090|
0004686365|05/06/2017|05/06/2017|0000000000|DEP.EFECTIVO|000|0004|$74,186.38|$0.00|$942,579.50|341091|
0004686365|05/06/2017|05/06/2017|0000000000|DEP.EFECTIVO|000|0004|$21,431.80|$0.00|$964,011.30|341092|
0004686365|05/06/2017|05/06/2017|0000000000|DEP.EFECTIVO|000|0004|$171,388.15|$0.00|$1,135,399.45|341093|
0004686365|05/06/2017|05/06/2017|0000000000|DEP.EFECTIVO|000|0004|$120,000.00|$0.00|$1,255,399.45|341094|
0004686365|05/06/2017|05/06/2017|0000000000|002601001704050000043166|003|5663|$76,369.15|$0.00|$1,331,768.60|341095|SPEI RECIBIDO DEL BANCO 0012 BBVA BANCOMER, DEL CLIENTE GAS METROPOLITANO SA DE CV, DE LA CLABE 012180001543555987   CON RFC GME540707CD1, CONCEPTO: TRASPASO BANCOMER A BANORTE CONCENTRADOR, REFERENCIA: 0040417 CVE RAST: 002601001704050000043166
0004686365|05/06/2017|05/06/2017|0000000000|DEPOSITO EN EFECTIVO|000|0357|$27,420.00|$0.00|$1,359,188.60|341096|MEXICO
0004686365|05/06/2017|05/06/2017|0000000000|DEPOSITO EN EFECTIVO|000|0357|$216,080.00|$0.00|$1,575,268.60|341097|MEXICO
0004686365|05/06/2017|05/06/2017|0000050417|TRASPASO A CUENTA PROPIA|790|8846|$0.00|$237,956.91|$1,337,311.69|341098|IVA:00000000.00    , A LA CUENTA 0089348641, TRASPASO PAGO PEMEX AL R.F.C. GME540707CD1
0004686365|05/06/2017|05/06/2017|0000000000|HSBC018329|003|5663|$15,067.50|$0.00|$1,352,379.19|341099|SPEI RECIBIDO DEL BANCO 0021 HSBC, DEL CLIENTE GAS METROPOLITANO  S A  DE C V, DE LA CLABE 021180040293499743   CON RFC GME540707CD1, CONCEPTO: TRASP DEL DIA HSBC A BNTE CONCENT, REFERENCIA: 1170405 CVE RAST: HSBC018329
0004686365|05/06/2017|06/06/2017|0000000000|DEP. REMOTO CH. SBC 0000673|006|4543|$1,973.79|$0.00|$1,354,352.98|341100|CHEQUE RECIBIDO SBC POR SERVICIO DE DEPOSITOS REMOTOS, BCO. 044 CTA. 00105021290 NO.CHEQUE 0000673, REFERENCIA: 000001904032017
0004686365|05/06/2017|06/06/2017|0000000000|DEP. REMOTO CH. SBC 0000023|006|4543|$6,994.18|$0.00|$1,361,347.16|341101|CHEQUE RECIBIDO SBC POR SERVICIO DE DEPOSITOS REMOTOS, BCO. 036 CTA. 50035890085 NO.CHEQUE 0000023, REFERENCIA: 000000204042017
0004686365|05/06/2017|06/06/2017|0000000000|DEP. REMOTO CH. SBC 3385458|006|4543|$17,461.08|$0.00|$1,378,808.24|341102|CHEQUE RECIBIDO SBC POR SERVICIO DE DEPOSITOS REMOTOS, BCO. 042 CTA. 01600163899 NO.CHEQUE 3385458, REFERENCIA: 000000204042017
0004686365|05/06/2017|06/06/2017|0000000000|DEP. REMOTO CH. SBC 0000734|006|4543|$800.00|$0.00|$1,379,608.24|341103|CHEQUE RECIBIDO SBC POR SERVICIO DE DEPOSITOS REMOTOS, BCO. 044 CTA. 00100865737 NO.CHEQUE 0000734, REFERENCIA: 000019804042017
0004686365|05/06/2017|06/06/2017|0000000000|DEP. REMOTO CH. SBC 8783998|006|4543|$800.00|$0.00|$1,380,408.24|341104|CHEQUE RECIBIDO SBC POR SERVICIO DE DEPOSITOS REMOTOS, BCO. 032 CTA. 00013167162 NO.CHEQUE 8783998, REFERENCIA: 000019804042017
0004686365|05/06/2017|06/06/2017|0000000000|DEP. REMOTO CH. SBC 0005980|006|4543|$453.00|$0.00|$1,380,861.24|341105|CHEQUE RECIBIDO SBC POR SERVICIO DE DEPOSITOS REMOTOS, BCO. 036 CTA. 50030972859 NO.CHEQUE 0005980, REFERENCIA: 000000304042017
0004686365|05/06/2017|06/06/2017|0000000000|DEP. REMOTO CH. SBC 0001277|006|4543|$1,773.90|$0.00|$1,382,635.14|341106|CHEQUE RECIBIDO SBC POR SERVICIO DE DEPOSITOS REMOTOS, BCO. 044 CTA. 00103504069 NO.CHEQUE 0001277, REFERENCIA: 000000304042017
0004686365|05/06/2017|06/06/2017|0000000000|DEP. REMOTO CH. SBC 0000037|006|4543|$1,000.00|$0.00|$1,383,635.14|341107|CHEQUE RECIBIDO SBC POR SERVICIO DE DEPOSITOS REMOTOS, BCO. 030 CTA. 90000702914 NO.CHEQUE 0000037, REFERENCIA: 000019804042017
0004686365|05/06/2017|06/06/2017|0000000000|DEP. REMOTO CH. SBC 0001178|006|4543|$1,263.60|$0.00|$1,384,898.74|341108|CHEQUE RECIBIDO SBC POR SERVICIO DE DEPOSITOS REMOTOS, BCO. 044 CTA. 00104135520 NO.CHEQUE 0001178, REFERENCIA: 000019804042017
0004686365|05/06/2017|06/06/2017|0000000000|DEP. REMOTO CH. SBC 0001745|006|4543|$1,400.00|$0.00|$1,386,298.74|341109|CHEQUE RECIBIDO SBC POR SERVICIO DE DEPOSITOS REMOTOS, BCO. 036 CTA. 40123819154 NO.CHEQUE 0001745, REFERENCIA: 000019804042017
0004686365|05/06/2017|06/06/2017|0000000000|DEP. REMOTO CH. SBC 3239365|006|4543|$12,343.10|$0.00|$1,398,641.84|341110|CHEQUE RECIBIDO SBC POR SERVICIO DE DEPOSITOS REMOTOS, BCO. 042 CTA. 00330000732 NO.CHEQUE 3239365, REFERENCIA: 000000204042017
0004686365|05/06/2017|05/06/2017|0000000000|DEPOSITO REMOTO CHQS.BANORTE|080|4543|$3,410.30|$0.00|$1,402,052.14|341111|TOTAL DE          2 CHEQUES BANORTE RECIBIDOS, POR SERVICIO DE DEPOSITOS REMOTOS., REFERENCIA: 000000304042017
0004686365|05/06/2017|05/06/2017|0000000000|DEPOSITO REMOTO CHQS.BANORTE|080|4543|$15,391.18|$0.00|$1,417,443.32|341112|TOTAL DE          2 CHEQUES BANORTE RECIBIDOS, POR SERVICIO DE DEPOSITOS REMOTOS., REFERENCIA: 000000204042017
0004686365|05/06/2017|05/06/2017|0000000000|DEPOSITO REMOTO CHQS.BANORTE|080|4543|$8,137.90|$0.00|$1,425,581.22|341113|TOTAL DE          2 CHEQUES BANORTE RECIBIDOS, POR SERVICIO DE DEPOSITOS REMOTOS., REFERENCIA: 000019804042017
0004686365|05/06/2017|05/06/2017|0000000000|DEPOSITO REMOTO CHQS.BANORTE|080|4543|$300.00|$0.00|$1,425,881.22|341114|TOTAL DE          1 CHEQUES BANORTE RECIBIDOS, POR SERVICIO DE DEPOSITOS REMOTOS., REFERENCIA: 000001904032017
0004686365|05/06/2017|05/06/2017|0000000000|085901230740309572|003|5663|$51,814.20|$0.00|$1,477,695.42|341115|SPEI RECIBIDO DEL BANCO 0002 BANAMEX, DEL CLIENTE GAS METROPOLITANO SA DE CV, DE LA CLABE 002180020842869349   CON RFC GME540707CD1, CONCEPTO: DEP ELECT DEL DIA 4 TRASP BTE34 CONCENTR, REFERENCIA: 0012345 CVE RAST: 085901230740309572
0004686365|05/06/2017|05/06/2017|0000000000|085901245440309572|003|5663|$63,160.11|$0.00|$1,540,855.53|341116|SPEI RECIBIDO DEL BANCO 0002 BANAMEX, DEL CLIENTE GAS METROPOLITANO SA DE CV, DE LA CLABE 002180020842869349   CON RFC GME540707CD1, CONCEPTO: DEP ELECT DEL DIA TRASP BTE CONCENTRADOR, REFERENCIA: 0012345 CVE RAST: 085901245440309572
0004686365|05/06/2017|05/06/2017|0000000000|2017040540014 TCT0000476957030|003|5663|$50,352.78|$0.00|$1,591,208.31|341117|SPEI RECIBIDO DEL BANCO 0014 SANTANDER, DEL CLIENTE GAS METROPOLITANO SA DE CV, DE LA CLABE 014180655015916550   CON RFC ND, CONCEPTO: TRASPASO DEL DIA SANTANDER A BANORTE, REFERENCIA: 0050417 CVE RAST: 2017040540014 TCT0000476957030
0004686365|05/06/2017|05/06/2017|0000050417|DEPOSITO DE CUENTA PROPIA|262|8846|$655,000.00|$0.00|$2,246,208.31|341118|DE LA CUENTA 0515492550, Traspaso Tpv a Concentr
0004686365|05/06/2017|05/06/2017|0000050417|DEPOSITO DE CUENTA PROPIA|262|8846|$40,000.00|$0.00|$2,286,208.31|341119|DE LA CUENTA 0526140549, Traspaso Ref a Concentr
0004686365|05/06/2017|05/06/2017|0000050417|DEPOSITO DE CUENTA PROPIA|262|8846|$430,000.00|$0.00|$2,716,208.31|341120|DE LA CUENTA 0662334059, Traspaso Est Carb a Conc
0004686365|05/06/2017|05/06/2017|0000000000|002601001704050000138303|003|5663|$52,254.52|$0.00|$2,768,462.83|341121|SPEI RECIBIDO DEL BANCO 0012 BBVA BANCOMER, DEL CLIENTE GAS METROPOLITANO SA DE CV, DE LA CLABE 012180001543555987   CON RFC GME540707CD1, CONCEPTO: TRASPASO BANCOMER A BANORTE CONCENTRADOR, REFERENCIA: 0050417 CVE RAST: 002601001704050000138303
0004686365|05/06/2017|05/06/2017|0000000000|002601001704050000143585|003|5663|$1,250,000.00|$0.00|$4,018,462.83|341122|SPEI RECIBIDO DEL BANCO 0012 BBVA BANCOMER, DEL CLIENTE GAS METROPOLITANO SA DE CV, DE LA CLABE 012180001100072777   CON RFC GME540707CD1, CONCEPTO: TRASPASO BANCOMER A BANORTE CONCENTRADOR, REFERENCIA: 0050417 CVE RAST: 002601001704050000143585
0004686365|05/06/2017|05/06/2017|0000000000|CARGO POR PAGO CONCENTRACION|503|8846|$0.00|$2,814,000.00|$1,204,462.83|341123|BEM INTERCAM BANCO  0000000000000000000000000000000107111049, AL RFC IBI061030GD4, RAS 88467095866980002621  FAC 002621
0004686365|05/06/2017|05/06/2017|0000000000|DEP.EFECTIVO|000|0004|$2,293.20|$0.00|$1,206,756.03|341124|
0004686365|05/06/2017|05/06/2017|0000000000|DEP.EFECTIVO|000|0004|$500.00|$0.00|$1,207,256.03|341125|
0004686365|05/06/2017|05/06/2017|0000000000|INVERSION MDD|591|8100|$0.00|$1,150,000.00|$57,256.03|341126|CTO 0098937331 05/04
0004686365|06/06/2017|06/06/2017|0000000000|VENC. CAP. MDD|092|8100|$1,150,000.00|$0.00|$1,207,256.03|341127|CONTRATO 0098937331 FOLIO 37215245 06/04
0004686365|06/06/2017|06/06/2017|0000000000|INTERES MDD|093|8100|$100.62|$0.00|$1,207,356.65|341128|CONTRATO 0098937331 FOLIO 37215245 06/04
0004686365|06/06/2017|06/06/2017|0000000000|Impuesto Sobre la Renta|592|8100|$0.00|$18.27|$1,207,338.38|341129|CONTRATO 0098937331 FOLIO 37215245 06/04
0004686365|06/06/2017|06/06/2017|0000000000|DEP.EFECTIVO|000|0013|$163,000.00|$0.00|$1,370,338.38|341130|
0004686365|06/06/2017|06/06/2017|0000000000|DEP.EFECTIVO|000|0004|$36,437.80|$0.00|$1,406,776.18|341131|
0004686365|06/06/2017|06/06/2017|0000000000|DEP.EFECTIVO|000|0013|$253,989.83|$0.00|$1,660,766.01|341132|
0004686365|06/06/2017|06/06/2017|0000000000|DEP.EFECTIVO|000|0013|$21,207.90|$0.00|$1,681,973.91|341133|
0004686365|06/06/2017|06/06/2017|0000000000|DEP.EFECTIVO|000|0004|$41,143.32|$0.00|$1,723,117.23|341134|
0004686365|06/06/2017|06/06/2017|0000000000|DEP.EFECTIVO|000|0013|$146,193.28|$0.00|$1,869,310.51|341135|
0004686365|06/06/2017|06/06/2017|0000000000|DEP.EFECTIVO|000|0004|$15,606.88|$0.00|$1,884,917.39|341136|
0004686365|06/06/2017|06/06/2017|0000000000|DEP.EFECTIVO|000|0684|$192,000.00|$0.00|$2,076,917.39|341137|
0004686365|06/06/2017|06/06/2017|0000000000|DEP.EFECTIVO|000|0004|$12,364.00|$0.00|$2,089,281.39|341138|
0004686365|06/06/2017|06/06/2017|0000000000|DEP.EFECTIVO|000|0004|$328,952.31|$0.00|$2,418,233.70|341139|
0004686365|06/06/2017|07/06/2017|0000000000|DEP. REMOTO CH. SBC 0003332|006|4543|$5,331.69|$0.00|$2,423,565.39|341140|CHEQUE RECIBIDO SBC POR SERVICIO DE DEPOSITOS REMOTOS, BCO. 044 CTA. 00102966409 NO.CHEQUE 0003332, REFERENCIA: 000000205042017
0004686365|06/06/2017|07/06/2017|0000000000|DEP. REMOTO CH. SBC 0001486|006|4543|$1,629.81|$0.00|$2,425,195.20|341141|CHEQUE RECIBIDO SBC POR SERVICIO DE DEPOSITOS REMOTOS, BCO. 036 CTA. 40124738964 NO.CHEQUE 0001486, REFERENCIA: 000000205042017
0004686365|06/06/2017|06/06/2017|0000000000|2017040640014 TCT0000480901820|003|5663|$88,457.99|$0.00|$2,513,653.19|341142|SPEI RECIBIDO DEL BANCO 0014 SANTANDER, DEL CLIENTE GAS METROPOLITANO SA DE CV, DE LA CLABE 014180655015916550   CON RFC ND, CONCEPTO: TRASPASO DEL DIA SANTANDER A BANORTE, REFERENCIA: 0060417 CVE RAST: 2017040640014 TCT0000480901820
0004686365|06/06/2017|06/06/2017|0000000000|2017040640014 TCT0000480901850|003|5663|$767,723.25|$0.00|$3,281,376.44|341143|SPEI RECIBIDO DEL BANCO 0014 SANTANDER, DEL CLIENTE GAS METROPOLITANO SA DE CV, DE LA CLABE 014180655015916550   CON RFC ND, CONCEPTO: TRASPASO SANTANDER CLIENTES A BANORTE, REFERENCIA: 0060417 CVE RAST: 2017040640014 TCT0000480901850
0004686365|06/06/2017|07/06/2017|0000000000|DEP. REMOTO CH. SBC 0000117|006|4543|$1,000.00|$0.00|$3,282,376.44|341144|CHEQUE RECIBIDO SBC POR SERVICIO DE DEPOSITOS REMOTOS, BCO. 036 CTA. 50024501351 NO.CHEQUE 0000117, REFERENCIA: 000000705042017
0004686365|06/06/2017|07/06/2017|0000000000|DEP. REMOTO CH. SBC 0000444|006|4543|$500.00|$0.00|$3,282,876.44|341145|CHEQUE RECIBIDO SBC POR SERVICIO DE DEPOSITOS REMOTOS, BCO. 019 CTA. 00816025878 NO.CHEQUE 0000444, REFERENCIA: 000000705032017
0004686365|06/06/2017|07/06/2017|0000000000|DEP. REMOTO CH. SBC 0006012|006|4543|$453.00|$0.00|$3,283,329.44|341146|CHEQUE RECIBIDO SBC POR SERVICIO DE DEPOSITOS REMOTOS, BCO. 036 CTA. 50030972859 NO.CHEQUE 0006012, REFERENCIA: 000000305042017
0004686365|06/06/2017|07/06/2017|0000000000|DEP. REMOTO CH. SBC 0001107|006|4543|$2,357.10|$0.00|$3,285,686.54|341147|CHEQUE RECIBIDO SBC POR SERVICIO DE DEPOSITOS REMOTOS, BCO. 036 CTA. 50024961515 NO.CHEQUE 0001107, REFERENCIA: 000000305042017
0004686365|06/06/2017|07/06/2017|0000000000|DEP. REMOTO CH. SBC 0000408|006|4543|$3,167.20|$0.00|$3,288,853.74|341148|CHEQUE RECIBIDO SBC POR SERVICIO DE DEPOSITOS REMOTOS, BCO. 044 CTA. 00101896881 NO.CHEQUE 0000408, REFERENCIA: 000000205042017
0004686365|06/06/2017|07/06/2017|0000000000|DEP. REMOTO CH. SBC 0002183|006|4543|$6,503.10|$0.00|$3,295,356.84|341149|CHEQUE RECIBIDO SBC POR SERVICIO DE DEPOSITOS REMOTOS, BCO. 044 CTA. 00102993244 NO.CHEQUE 0002183, REFERENCIA: 000000205042017
0004686365|06/06/2017|07/06/2017|0000000000|DEP. REMOTO CH. SBC 0000641|006|4543|$1,692.90|$0.00|$3,297,049.74|341150|CHEQUE RECIBIDO SBC POR SERVICIO DE DEPOSITOS REMOTOS, BCO. 113 CTA. 00000116147 NO.CHEQUE 0000641, REFERENCIA: 000001905042017
0004686365|06/06/2017|06/06/2017|0000000000|DEPOSITO REMOTO CHQS.BANORTE|080|4543|$1,000.00|$0.00|$3,298,049.74|341151|TOTAL DE          1 CHEQUES BANORTE RECIBIDOS, POR SERVICIO DE DEPOSITOS REMOTOS., REFERENCIA: 000000705032017
0004686365|06/06/2017|06/06/2017|0000000000|DEPOSITO REMOTO CHQS.BANORTE|080|4543|$2,705.70|$0.00|$3,300,755.44|341152|TOTAL DE          3 CHEQUES BANORTE RECIBIDOS, POR SERVICIO DE DEPOSITOS REMOTOS., REFERENCIA: 000000305042017
0004686365|06/06/2017|06/06/2017|0000000000|DEPOSITO REMOTO CHQS.BANORTE|080|4543|$20,846.84|$0.00|$3,321,602.28|341153|TOTAL DE          5 CHEQUES BANORTE RECIBIDOS, POR SERVICIO DE DEPOSITOS REMOTOS., REFERENCIA: 000000205042017
0004686365|06/06/2017|06/06/2017|0000000000|DEPOSITO REMOTO CHQS.BANORTE|080|4543|$10,727.77|$0.00|$3,332,330.05|341154|TOTAL DE          2 CHEQUES BANORTE RECIBIDOS, POR SERVICIO DE DEPOSITOS REMOTOS., REFERENCIA: 000001905042017
0004686365|06/06/2017|06/06/2017|0000000000|DEPOSITO REMOTO CHQS.BANORTE|080|4543|$1,215.00|$0.00|$3,333,545.05|341155|TOTAL DE          1 CHEQUES BANORTE RECIBIDOS, POR SERVICIO DE DEPOSITOS REMOTOS., REFERENCIA: 000000305042017
0004686365|06/06/2017|06/06/2017|0000060417|TRASPASO A CUENTA PROPIA|790|8846|$0.00|$238,962.81|$3,094,582.24|341156|IVA:00000000.00    , A LA CUENTA 0089348641, TRASPASO PAGO PEMEX AL R.F.C. GME540707CD1
0004686365|06/06/2017|06/06/2017|0000000000|HSBC027873|003|5663|$45,321.07|$0.00|$3,139,903.31|341157|SPEI RECIBIDO DEL BANCO 0021 HSBC, DEL CLIENTE GAS METROPOLITANO  S A  DE C V, DE LA CLABE 021180040293499743   CON RFC GME540707CD1, CONCEPTO: TRASP DEL DIA HSBC A BNTTE CONCENT, REFERENCIA: 1170406 CVE RAST: HSBC027873
0004686365|06/06/2017|06/06/2017|0000000000|CARGO POR PAGO CONCENTRACION|503|8846|$0.00|$2,814,000.00|$325,903.31|341158|BEM INTERCAM BANCO  0000000000000000000000000000000107111049, AL RFC IBI061030GD4, RAS 88467096989701002621  FAC 002621
0004686365|06/06/2017|06/06/2017|0000000000|002601001704060000121336|003|5663|$85,720.51|$0.00|$411,623.82|341159|SPEI RECIBIDO DEL BANCO 0012 BBVA BANCOMER, DEL CLIENTE GAS METROPOLITANO SA DE CV, DE LA CLABE 012180001543555987   CON RFC GME540707CD1, CONCEPTO: TRASPASO BANCOMER A BANORTE CONCENTRADOR, REFERENCIA: 0060417 CVE RAST: 002601001704060000121336
0004686365|06/06/2017|06/06/2017|0000000000|085902452430309672|003|5663|$57,895.10|$0.00|$469,518.92|341160|SPEI RECIBIDO DEL BANCO 0002 BANAMEX, DEL CLIENTE GAS METROPOLITANO SA DE CV, DE LA CLABE 002180020842869349   CON RFC GME540707CD1, CONCEPTO: DEP ELECT DEL DIA TRASP BTE CDONCENTRADO, REFERENCIA: 0012345 CVE RAST: 085902452430309672
0004686365|06/06/2017|06/06/2017|0000000000|085902508890309673|003|5663|$2,000,000.00|$0.00|$2,469,518.92|341161|SPEI RECIBIDO DEL BANCO 0002 BANAMEX, DEL CLIENTE GAS METROPOLITANO SA DE CV, DE LA CLABE 002180020800108615   CON RFC GME540707CD1, CONCEPTO: TRASPASO CONCENTRADORA BANAORTE, REFERENCIA: 0012345 CVE RAST: 085902508890309673
0004686365|06/06/2017|06/06/2017|0006042017|TRASPASO A CUENTA PROPIA|790|8846|$0.00|$1,095,000.00|$1,374,518.92|341162|IVA:00000000.00    , A LA CUENTA 0559478361, TRASPASO PRESUPUESTO NOMINA AL R.F.C. GME540707CD1
0004686365|06/06/2017|06/06/2017|0000000000|CARGO POR PAGO CONCENTRACION|503|8846|$0.00|$939,500.00|$435,018.92|341163|BEM INTERCAM BANCO  0000000000000000000000000000000107111049, AL RFC IBI061030GD4, RAS 88467096027700002621  FAC 002621
0004686365|07/06/2017|07/06/2017|0000000000|DEP.EFECTIVO|000|0004|$33,737.20|$0.00|$468,756.12|341164|
0004686365|07/06/2017|07/06/2017|0000000000|DEP.EFECTIVO|000|0004|$13,968.39|$0.00|$482,724.51|341165|
0004686365|07/06/2017|07/06/2017|0000070417|TRASPASO A CUENTA PROPIA|790|8846|$0.00|$264,405.08|$218,319.43|341166|IVA:00000000.00    , A LA CUENTA 0089348641, TRASPASO PAGO PEMEX AL R.F.C. GME540707CD1
0004686365|07/06/2017|07/06/2017|0000000000|DEP.EFECTIVO|000|0004|$54,783.84|$0.00|$273,103.27|341167|
0004686365|07/06/2017|07/06/2017|0000000000|DEP.EFECTIVO|000|0004|$151,500.00|$0.00|$424,603.27|341168|
0004686365|07/06/2017|07/06/2017|0000000000|DEP.EFECTIVO|000|0004|$134,700.00|$0.00|$559,303.27|341169|
0004686365|07/06/2017|07/06/2017|0000000000|DEP.EFECTIVO|000|0004|$163,800.00|$0.00|$723,103.27|341170|
0004686365|07/06/2017|07/06/2017|0000000000|DEP.EFECTIVO|000|0004|$22,501.70|$0.00|$745,604.97|341171|
0004686365|07/06/2017|07/06/2017|0000000000|DEP.EFECTIVO|000|0004|$153,201.10|$0.00|$898,806.07|341172|
0004686365|07/06/2017|07/06/2017|0000000000|DEP.EFECTIVO|000|0013|$777,636.23|$0.00|$1,676,442.30|341173|
0004686365|07/06/2017|07/06/2017|0000000000|DEP.EFECTIVO|000|0004|$67,350.80|$0.00|$1,743,793.10|341174|
0004686365|07/06/2017|07/06/2017|0000000000|DEP.EFECTIVO|000|0013|$162,748.10|$0.00|$1,906,541.20|341175|
0004686365|07/06/2017|07/06/2017|0000000000|DEP.EFECTIVO|000|0684|$250,000.00|$0.00|$2,156,541.20|341176|
0004686365|07/06/2017|07/06/2017|0000000000|DEP.EFECTIVO|000|2011|$155,000.00|$0.00|$2,311,541.20|341177|
0004686365|07/06/2017|07/06/2017|0000000000|085901150750309774|003|5663|$78,447.86|$0.00|$2,389,989.06|341178|SPEI RECIBIDO DEL BANCO 0002 BANAMEX, DEL CLIENTE GAS METROPOLITANO SA DE CV, DE LA CLABE 002180020842869349   CON RFC GME540707CD1, CONCEPTO: DEP ELECT DEL DIA TRASP BTE CONCENTRADOR, REFERENCIA: 0012345 CVE RAST: 085901150750309774
0004686365|07/06/2017|07/06/2017|0000000000|DEP.EFECTIVO|000|2011|$195,000.00|$0.00|$2,584,989.06|341179|
0004686365|07/06/2017|07/06/2017|0000000000|DEP.EFECTIVO|000|0684|$41,449.90|$0.00|$2,626,438.96|341180|
0004686365|07/06/2017|07/06/2017|0000000000|DEP.EFECTIVO|000|0684|$275,783.92|$0.00|$2,902,222.88|341181|
0004686365|07/06/2017|07/06/2017|0000000000|085901316720309778|003|5663|$1,880,000.00|$0.00|$4,782,222.88|341182|SPEI RECIBIDO DEL BANCO 0002 BANAMEX, DEL CLIENTE GAS METROPOLITANO SA DE CV, DE LA CLABE 002180020800108615   CON RFC GME540707CD1, CONCEPTO: TRASPASO CONCENTRADORA BANORTE, REFERENCIA: 0012345 CVE RAST: 085901316720309778
0004686365|07/06/2017|07/06/2017|0000000000|DEP.EFECTIVO|000|2011|$210,000.00|$0.00|$4,992,222.88|341183|
0004686365|07/06/2017|10/06/2017|0000000000|DEP. REMOTO CH. SBC 0006039|006|4543|$453.00|$0.00|$4,992,675.88|341184|CHEQUE RECIBIDO SBC POR SERVICIO DE DEPOSITOS REMOTOS, BCO. 036 CTA. 50030972859 NO.CHEQUE 0006039, REFERENCIA: 000000306042017
0004686365|07/06/2017|10/06/2017|0000000000|DEP. REMOTO CH. SBC 0001048|006|4543|$810.00|$0.00|$4,993,485.88|341185|CHEQUE RECIBIDO SBC POR SERVICIO DE DEPOSITOS REMOTOS, BCO. 044 CTA. 00103738485 NO.CHEQUE 0001048, REFERENCIA: 000000306042017
0004686365|07/06/2017|10/06/2017|0000000000|DEP. REMOTO CH. SBC 0001192|006|4543|$1,960.20|$0.00|$4,995,446.08|341186|CHEQUE RECIBIDO SBC POR SERVICIO DE DEPOSITOS REMOTOS, BCO. 044 CTA. 00103919986 NO.CHEQUE 0001192, REFERENCIA: 000007060420174
0004686365|07/06/2017|10/06/2017|0000000000|DEP. REMOTO CH. SBC 3483728|006|4543|$2,664.90|$0.00|$4,998,110.98|341187|CHEQUE RECIBIDO SBC POR SERVICIO DE DEPOSITOS REMOTOS, BCO. 042 CTA. 00340053532 NO.CHEQUE 3483728, REFERENCIA: 000000206042017
0004686365|07/06/2017|10/06/2017|0000000000|DEP. REMOTO CH. SBC 0000490|006|4543|$10,559.00|$0.00|$5,008,669.98|341188|CHEQUE RECIBIDO SBC POR SERVICIO DE DEPOSITOS REMOTOS, BCO. 036 CTA. 50022246096 NO.CHEQUE 0000490, REFERENCIA: 000000206042017
0004686365|07/06/2017|10/06/2017|0000000000|DEP. REMOTO CH. SBC 0000290|006|4543|$8,239.00|$0.00|$5,016,908.98|341189|CHEQUE RECIBIDO SBC POR SERVICIO DE DEPOSITOS REMOTOS, BCO. 030 CTA. 90000927535 NO.CHEQUE 0000290, REFERENCIA: 000000206042017
0004686365|07/06/2017|10/06/2017|0000000000|DEP. REMOTO CH. SBC 0000365|006|4543|$16,750.00|$0.00|$5,033,658.98|341190|CHEQUE RECIBIDO SBC POR SERVICIO DE DEPOSITOS REMOTOS, BCO. 030 CTA. 90000936157 NO.CHEQUE 0000365, REFERENCIA: 000000206042017
0004686365|07/06/2017|07/06/2017|0000000000|DEPOSITO REMOTO CHQS.BANORTE|080|4543|$11,319.40|$0.00|$5,044,978.38|341191|TOTAL DE          4 CHEQUES BANORTE RECIBIDOS, POR SERVICIO DE DEPOSITOS REMOTOS., REFERENCIA: 000000306042017
0004686365|07/06/2017|07/06/2017|0000000000|DEPOSITO REMOTO CHQS.BANORTE|080|4543|$37,225.06|$0.00|$5,082,203.44|341192|TOTAL DE          6 CHEQUES BANORTE RECIBIDOS, POR SERVICIO DE DEPOSITOS REMOTOS., REFERENCIA: 000000206042017
0004686365|07/06/2017|07/06/2017|0000000000|DEPOSITO REMOTO CHQS.BANORTE|080|4543|$1,000.00|$0.00|$5,083,203.44|341193|TOTAL DE          1 CHEQUES BANORTE RECIBIDOS, POR SERVICIO DE DEPOSITOS REMOTOS., REFERENCIA: 000000306042017
0004686365|07/06/2017|07/06/2017|0000000000|DEPOSITO REMOTO CHQS.BANORTE|080|4543|$1,287.90|$0.00|$5,084,491.34|341194|TOTAL DE          1 CHEQUES BANORTE RECIBIDOS, POR SERVICIO DE DEPOSITOS REMOTOS., REFERENCIA: 000007060420174
0004686365|07/06/2017|07/06/2017|0000000000|CARGO POR PAGO CONCENTRACION|503|8846|$0.00|$4,679,500.00|$404,991.34|341195|BEM INTERCAM BANCO  0000000000000000000000000000000107111049, AL RFC IBI061030GD4, RAS 88467097126394002621  FAC 002621
0004686365|07/06/2017|07/06/2017|0000000000|HSBC040385|003|5663|$11,266.20|$0.00|$416,257.54|341196|SPEI RECIBIDO DEL BANCO 0021 HSBC, DEL CLIENTE GAS METROPOLITANO  S A  DE C V, DE LA CLABE 021180040293499743   CON RFC GME540707CD1, CONCEPTO: TRSP DEL DIA HSBC A BNTE CONCENT, REFERENCIA: 1170407 CVE RAST: HSBC040385
0004686365|07/06/2017|07/06/2017|0000000000|002601001704070000129843|003|5663|$109,006.96|$0.00|$525,264.50|341197|SPEI RECIBIDO DEL BANCO 0012 BBVA BANCOMER, DEL CLIENTE GAS METROPOLITANO SA DE CV, DE LA CLABE 012180001543555987   CON RFC GME540707CD1, CONCEPTO: TRASPASO BANCOMER A BANORTE CONCENTRADOR, REFERENCIA: 0070417 CVE RAST: 002601001704070000129843
0004686365|07/06/2017|07/06/2017|0000000000|002601001704070000132608|003|5663|$770,000.00|$0.00|$1,295,264.50|341198|SPEI RECIBIDO DEL BANCO 0012 BBVA BANCOMER, DEL CLIENTE GAS METROPOLITANO SA DE CV, DE LA CLABE 012180001100072777   CON RFC GME540707CD1, CONCEPTO: TRASPASO BANCOMER A BANORTE CONCENTRADOR, REFERENCIA: 0070417 CVE RAST: 002601001704070000132608
0004686365|07/06/2017|07/06/2017|0000070417|TRASPASO A CUENTA PROPIA|790|8846|$0.00|$1,100,000.00|$195,264.50|341199|IVA:00000000.00    , A LA CUENTA 0559478361, TRASPASO PRESUPUESTO PROVEEDOR AL R.F.C. GME540707CD1
0004686365|07/06/2017|07/06/2017|0000070417|TRASPASO DE CTA :   0559478361|004|4264|$22,569.69|$0.00|$217,834.19|341200|DE CUENTA  0559478361, TERCEROS
0004686365|07/06/2017|07/06/2017|0000000000|2017040740014 TCT0000488544980|003|5663|$82,931.98|$0.00|$300,766.17|341201|SPEI RECIBIDO DEL BANCO 0014 SANTANDER, DEL CLIENTE GAS METROPOLITANO SA DE CV, DE LA CLABE 014180655015916550   CON RFC ND, CONCEPTO: TRASPASO DEL DIA SANTANDER A BANORTE, REFERENCIA: 0070417 CVE RAST: 2017040740014 TCT0000488544980
0004686365|07/06/2017|07/06/2017|0000000000|DEP.EFECTIVO|000|0004|$61,997.20|$0.00|$362,763.37|341202|
0004686365|07/06/2017|07/06/2017|0000000000|DEP.EFECTIVO|000|0004|$125,000.00|$0.00|$487,763.37|341203|
0004686365|07/06/2017|07/06/2017|0000000000|DEP.EFECTIVO|000|0004|$140,000.00|$0.00|$627,763.37|341204|
0004686365|07/06/2017|07/06/2017|0000000000|DEP.EFECTIVO|000|0004|$120,000.00|$0.00|$747,763.37|341205|
0004686365|07/06/2017|07/06/2017|0000000000|DEP.EFECTIVO|000|0004|$115,000.00|$0.00|$862,763.37|341206|
0004686365|07/06/2017|10/06/2017|0000000000|CHQ.LOC.000417|006|0004|$2,457.00|$0.00|$865,220.37|341207|BCO :0036 CTA. 0050014073909 NO.CHEQUE 0000000417
0004686365|10/06/2017|10/06/2017|0000000000|DEP.EFECTIVO|000|0004|$20,400.00|$0.00|$885,620.37|341208|
0004686365|10/06/2017|10/06/2017|0000000000|DEP.EFECTIVO|000|0004|$58,944.82|$0.00|$944,565.19|341209|
0004686365|10/06/2017|10/06/2017|0000000000|DEP.EFECTIVO|000|0013|$22,148.30|$0.00|$966,713.49|341210|
0004686365|10/06/2017|10/06/2017|0000000000|DEP.EFECTIVO|000|0013|$327,802.15|$0.00|$1,294,515.64|341211|
0004686365|10/06/2017|10/06/2017|0000000000|002601001704100000040758|003|5663|$189,523.91|$0.00|$1,484,039.55|341212|SPEI RECIBIDO DEL BANCO 0012 BBVA BANCOMER, DEL CLIENTE GAS METROPOLITANO SA DE CV, DE LA CLABE 012180001543555987   CON RFC GME540707CD1, CONCEPTO: TRASPASO BANCOMER A BANORTE CONCENTRADOR, REFERENCIA: 0080417 CVE RAST: 002601001704100000040758
0004686365|10/06/2017|10/06/2017|0000000000|DEP.EFECTIVO|000|0684|$5,613.70|$0.00|$1,489,653.25|341213|
0004686365|10/06/2017|10/06/2017|0000000000|DEP.EFECTIVO|000|0684|$210,960.40|$0.00|$1,700,613.65|341214|
0004686365|10/06/2017|10/06/2017|0000000000|DEP.EFECTIVO|000|0004|$11,995.60|$0.00|$1,712,609.25|341215|
0004686365|10/06/2017|10/06/2017|0000000000|DEP.EFECTIVO|000|0004|$81,947.78|$0.00|$1,794,557.03|341216|
0004686365|10/06/2017|10/06/2017|0000000000|DEP.EFECTIVO|000|0684|$240,874.81|$0.00|$2,035,431.84|341217|
0004686365|10/06/2017|10/06/2017|0000000000|DEP.EFECTIVO|000|0013|$288,389.46|$0.00|$2,323,821.30|341218|
0004686365|10/06/2017|10/06/2017|0000000000|DEPOSITO EN EFECTIVO|000|0357|$1,680.00|$0.00|$2,325,501.30|341219|MEXICO
0004686365|10/06/2017|10/06/2017|0000000000|DEP.EFECTIVO|000|0004|$82,433.10|$0.00|$2,407,934.40|341220|
0004686365|10/06/2017|10/06/2017|0000000000|DEP.EFECTIVO|000|0004|$174,063.10|$0.00|$2,581,997.50|341221|
0004686365|10/06/2017|10/06/2017|0000000000|DEP.EFECTIVO|000|0004|$15,000.00|$0.00|$2,596,997.50|341222|
0004686365|10/06/2017|10/06/2017|0000000000|DEP.EFECTIVO|000|2011|$54,112.62|$0.00|$2,651,110.12|341223|
0004686365|10/06/2017|10/06/2017|0000000000|DEP.EFECTIVO|000|2011|$15,342.50|$0.00|$2,666,452.62|341224|
0004686365|10/06/2017|10/06/2017|0000000000|DEP.EFECTIVO|000|2011|$122,619.60|$0.00|$2,789,072.22|341225|
0004686365|10/06/2017|10/06/2017|0000000000|2017041040014 TCT0000492296180|003|5663|$327,637.47|$0.00|$3,116,709.69|341226|SPEI RECIBIDO DEL BANCO 0014 SANTANDER, DEL CLIENTE GAS METROPOLITANO SA DE CV, DE LA CLABE 014180655015916550   CON RFC ND, CONCEPTO: TRASPASO DEL DIA SANTANDER A BANORTE, REFERENCIA: 0100417 CVE RAST: 2017041040014 TCT0000492296180
0004686365|10/06/2017|10/06/2017|0000100417|TRASPASO A CUENTA PROPIA|790|8846|$0.00|$821,052.97|$2,295,656.72|341227|IVA:00000000.00    , A LA CUENTA 0089348641, TRASPASO PAGO PEMEX AL R.F.C. GME540707CD1
0004686365|10/06/2017|11/06/2017|0000000000|DEP. REMOTO CH. SBC 0001348|006|4543|$73,290.09|$0.00|$2,368,946.81|341228|CHEQUE RECIBIDO SBC POR SERVICIO DE DEPOSITOS REMOTOS, BCO. 036 CTA. 50028498471 NO.CHEQUE 0001348, REFERENCIA: 000000207042017
0004686365|10/06/2017|11/06/2017|0000000000|DEP. REMOTO CH. SBC 3543488|006|4543|$14,733.81|$0.00|$2,383,680.62|341229|CHEQUE RECIBIDO SBC POR SERVICIO DE DEPOSITOS REMOTOS, BCO. 042 CTA. 01600050474 NO.CHEQUE 3543488, REFERENCIA: 000001908042017
0004686365|10/06/2017|11/06/2017|0000000000|DEP. REMOTO CH. SBC 0000354|006|4543|$1,400.00|$0.00|$2,385,080.62|341230|CHEQUE RECIBIDO SBC POR SERVICIO DE DEPOSITOS REMOTOS, BCO. 044 CTA. 00103609022 NO.CHEQUE 0000354, REFERENCIA: 000000707042017
0004686365|10/06/2017|11/06/2017|0000000000|DEP. REMOTO CH. SBC 0000509|006|4543|$1,377.00|$0.00|$2,386,457.62|341231|CHEQUE RECIBIDO SBC POR SERVICIO DE DEPOSITOS REMOTOS, BCO. 019 CTA. 00816001162 NO.CHEQUE 0000509, REFERENCIA: 000000307042017
0004686365|10/06/2017|11/06/2017|0000000000|DEP. REMOTO CH. SBC 0000448|006|4543|$2,430.00|$0.00|$2,388,887.62|341232|CHEQUE RECIBIDO SBC POR SERVICIO DE DEPOSITOS REMOTOS, BCO. 030 CTA. 82462250201 NO.CHEQUE 0000448, REFERENCIA: 000000307042017
0004686365|10/06/2017|11/06/2017|0000000000|DEP. REMOTO CH. SBC 0004295|006|4543|$700.00|$0.00|$2,389,587.62|341233|CHEQUE RECIBIDO SBC POR SERVICIO DE DEPOSITOS REMOTOS, BCO. 044 CTA. 00103470547 NO.CHEQUE 0004295, REFERENCIA: 000000307042017
0004686365|10/06/2017|11/06/2017|0000000000|DEP. REMOTO CH. SBC 0000486|006|4543|$1,000.00|$0.00|$2,390,587.62|341234|CHEQUE RECIBIDO SBC POR SERVICIO DE DEPOSITOS REMOTOS, BCO. 044 CTA. 00109069372 NO.CHEQUE 0000486, REFERENCIA: 000000307042017
0004686365|10/06/2017|11/06/2017|0000000000|DEP. REMOTO CH. SBC 0000265|006|4543|$7,860.00|$0.00|$2,398,447.62|341235|CHEQUE RECIBIDO SBC POR SERVICIO DE DEPOSITOS REMOTOS, BCO. 030 CTA. 90000940146 NO.CHEQUE 0000265, REFERENCIA: 000000207042017
0004686365|10/06/2017|11/06/2017|0000000000|DEP. REMOTO CH. SBC 0000093|006|4543|$500.00|$0.00|$2,398,947.62|341236|CHEQUE RECIBIDO SBC POR SERVICIO DE DEPOSITOS REMOTOS, BCO. 030 CTA. 90000268081 NO.CHEQUE 0000093, REFERENCIA: 000019808042017
0004686365|10/06/2017|11/06/2017|0000000000|DEP. REMOTO CH. SBC 0000419|006|4543|$1,500.00|$0.00|$2,400,447.62|341237|CHEQUE RECIBIDO SBC POR SERVICIO DE DEPOSITOS REMOTOS, BCO. 044 CTA. 00106649017 NO.CHEQUE 0000419, REFERENCIA: 000019808042017
0004686365|10/06/2017|11/06/2017|0000000000|DEP. REMOTO CH. SBC 0003417|006|4543|$2,357.00|$0.00|$2,402,804.62|341238|CHEQUE RECIBIDO SBC POR SERVICIO DE DEPOSITOS REMOTOS, BCO. 037 CTA. 00300091928 NO.CHEQUE 0003417, REFERENCIA: 000019808042017
0004686365|10/06/2017|11/06/2017|0000000000|DEP. REMOTO CH. SBC 0003120|006|4543|$819.00|$0.00|$2,403,623.62|341239|CHEQUE RECIBIDO SBC POR SERVICIO DE DEPOSITOS REMOTOS, BCO. 044 CTA. 00106566839 NO.CHEQUE 0003120, REFERENCIA: 000000208042017
0004686365|10/06/2017|11/06/2017|0000000000|DEP. REMOTO CH. SBC 0001819|006|4543|$1,101.60|$0.00|$2,404,725.22|341240|CHEQUE RECIBIDO SBC POR SERVICIO DE DEPOSITOS REMOTOS, BCO. 044 CTA. 00106195660 NO.CHEQUE 0001819, REFERENCIA: 000000208042017
0004686365|10/06/2017|11/06/2017|0000000000|DEP. REMOTO CH. SBC 0000956|006|4543|$2,000.00|$0.00|$2,406,725.22|341241|CHEQUE RECIBIDO SBC POR SERVICIO DE DEPOSITOS REMOTOS, BCO. 044 CTA. 00101962639 NO.CHEQUE 0000956, REFERENCIA: 000000208042017
0004686365|10/06/2017|11/06/2017|0000000000|DEP. REMOTO CH. SBC 0000052|006|4543|$2,700.00|$0.00|$2,409,425.22|341242|CHEQUE RECIBIDO SBC POR SERVICIO DE DEPOSITOS REMOTOS, BCO. 044 CTA. 00100320337 NO.CHEQUE 0000052, REFERENCIA: 000000208042017
0004686365|10/06/2017|11/06/2017|0000000000|DEP. REMOTO CH. SBC 0000277|006|4543|$324.00|$0.00|$2,409,749.22|341243|CHEQUE RECIBIDO SBC POR SERVICIO DE DEPOSITOS REMOTOS, BCO. 044 CTA. 00104520378 NO.CHEQUE 0000277, REFERENCIA: 000000308042017
0004686365|10/06/2017|11/06/2017|0000000000|DEP. REMOTO CH. SBC 0000684|006|4543|$1,296.00|$0.00|$2,411,045.22|341244|CHEQUE RECIBIDO SBC POR SERVICIO DE DEPOSITOS REMOTOS, BCO. 044 CTA. 00104784995 NO.CHEQUE 0000684, REFERENCIA: 000000308042017
0004686365|10/06/2017|11/06/2017|0000000000|DEP. REMOTO CH. SBC 0004349|006|4543|$1,393.20|$0.00|$2,412,438.42|341245|CHEQUE RECIBIDO SBC POR SERVICIO DE DEPOSITOS REMOTOS, BCO. 044 CTA. 00106502067 NO.CHEQUE 0004349, REFERENCIA: 000000308042017
0004686365|10/06/2017|11/06/2017|0000000000|DEP. REMOTO CH. SBC 0000543|006|4543|$1,498.50|$0.00|$2,413,936.92|341246|CHEQUE RECIBIDO SBC POR SERVICIO DE DEPOSITOS REMOTOS, BCO. 044 CTA. 00102299895 NO.CHEQUE 0000543, REFERENCIA: 000000308042017
0004686365|10/06/2017|11/06/2017|0000000000|DEP. REMOTO CH. SBC 0002246|006|4543|$1,500.00|$0.00|$2,415,436.92|341247|CHEQUE RECIBIDO SBC POR SERVICIO DE DEPOSITOS REMOTOS, BCO. 044 CTA. 00100241016 NO.CHEQUE 0002246, REFERENCIA: 000000308042017
0004686365|10/06/2017|11/06/2017|0000000000|DEP. REMOTO CH. SBC 0000955|006|4543|$2,089.00|$0.00|$2,417,525.92|341248|CHEQUE RECIBIDO SBC POR SERVICIO DE DEPOSITOS REMOTOS, BCO. 044 CTA. 00101962639 NO.CHEQUE 0000955, REFERENCIA: 000000308042017
0004686365|10/06/2017|11/06/2017|0000000000|DEP. REMOTO CH. SBC 0001453|006|4543|$3,888.00|$0.00|$2,421,413.92|341249|CHEQUE RECIBIDO SBC POR SERVICIO DE DEPOSITOS REMOTOS, BCO. 044 CTA. 00104032594 NO.CHEQUE 0001453, REFERENCIA: 000000308042017
0004686365|10/06/2017|11/06/2017|0000000000|DEP. REMOTO CH. SBC 3404613|006|4543|$6,188.40|$0.00|$2,427,602.32|341250|CHEQUE RECIBIDO SBC POR SERVICIO DE DEPOSITOS REMOTOS, BCO. 042 CTA. 00270000487 NO.CHEQUE 3404613, REFERENCIA: 000001908042017
0004686365|10/06/2017|10/06/2017|0000000000|DEPOSITO REMOTO CHQS.BANORTE|080|4543|$972.00|$0.00|$2,428,574.32|341251|TOTAL DE          1 CHEQUES BANORTE RECIBIDOS, POR SERVICIO DE DEPOSITOS REMOTOS., REFERENCIA: 000000307042017
0004686365|10/06/2017|10/06/2017|0000000000|DEPOSITO REMOTO CHQS.BANORTE|080|4543|$22,954.55|$0.00|$2,451,528.87|341252|TOTAL DE          4 CHEQUES BANORTE RECIBIDOS, POR SERVICIO DE DEPOSITOS REMOTOS., REFERENCIA: 000000207042017
0004686365|10/06/2017|10/06/2017|0000000000|DEPOSITO REMOTO CHQS.BANORTE|080|4543|$648.00|$0.00|$2,452,176.87|341253|TOTAL DE          1 CHEQUES BANORTE RECIBIDOS, POR SERVICIO DE DEPOSITOS REMOTOS., REFERENCIA: 000001907042017
0004686365|10/06/2017|10/06/2017|0000000000|DEPOSITO REMOTO CHQS.BANORTE|080|4543|$1,000.00|$0.00|$2,453,176.87|341254|TOTAL DE          1 CHEQUES BANORTE RECIBIDOS, POR SERVICIO DE DEPOSITOS REMOTOS., REFERENCIA: 000000308042017
0004686365|10/06/2017|10/06/2017|0000000000|DEPOSITO REMOTO CHQS.BANORTE|080|4543|$1,000.00|$0.00|$2,454,176.87|341255|TOTAL DE          1 CHEQUES BANORTE RECIBIDOS, POR SERVICIO DE DEPOSITOS REMOTOS., REFERENCIA: 000019808042017
0004686365|10/06/2017|10/06/2017|0000000000|DEPOSITO REMOTO CHQS.BANORTE|080|4543|$2,022.93|$0.00|$2,456,199.80|341256|TOTAL DE          1 CHEQUES BANORTE RECIBIDOS, POR SERVICIO DE DEPOSITOS REMOTOS., REFERENCIA: 000001908042017
0004686365|10/06/2017|10/06/2017|0000000000|DEPOSITO REMOTO CHQS.BANORTE|080|4543|$2,666.40|$0.00|$2,458,866.20|341257|TOTAL DE          2 CHEQUES BANORTE RECIBIDOS, POR SERVICIO DE DEPOSITOS REMOTOS., REFERENCIA: 000000308042017
0004686365|10/06/2017|10/06/2017|0000000000|085901852410310074|003|5663|$322,944.61|$0.00|$2,781,810.81|341258|SPEI RECIBIDO DEL BANCO 0002 BANAMEX, DEL CLIENTE GAS METROPOLITANO SA DE CV, DE LA CLABE 002180020842869349   CON RFC GME540707CD1, CONCEPTO: DEP ELECT DEL DIA TRASP BTE CONCENTRADOR, REFERENCIA: 0012345 CVE RAST: 085901852410310074
0004686365|10/06/2017|10/06/2017|0000100417|DEPOSITO DE CUENTA PROPIA|262|8846|$740,000.00|$0.00|$3,521,810.81|341259|DE LA CUENTA 0662334059, TRASPASO EST CARB A CONCENTRAD
0004686365|10/06/2017|10/06/2017|0000100417|DEPOSITO DE CUENTA PROPIA|262|8846|$85,000.00|$0.00|$3,606,810.81|341260|DE LA CUENTA 0526140549, TRASPASO REF A CONCENTRADORA
0004686365|10/06/2017|10/06/2017|0000100417|DEPOSITO DE CUENTA PROPIA|262|8846|$1,250,000.00|$0.00|$4,856,810.81|341261|DE LA CUENTA 0515492550, TRASPASO TPV A CONCENTRADORA
0004686365|10/06/2017|10/06/2017|0000000000|CARGO POR PAGO CONCENTRACION|503|8846|$0.00|$4,314,800.00|$542,010.81|341262|BEM INTERCAM BANCO  0000000000000000000000000000000107111049, AL RFC IBI061030GD4, RAS 88467100379617002621  FAC 002621
0004686365|10/06/2017|10/06/2017|0000000000|HSBC056859|003|5663|$240,612.90|$0.00|$782,623.71|341263|SPEI RECIBIDO DEL BANCO 0021 HSBC, DEL CLIENTE GAS METROPOLITANO  S A  DE C V, DE LA CLABE 021180040293499743   CON RFC GME540707CD1, CONCEPTO: TRASP DEL DIA HSBC A BNTE CONCENT, REFERENCIA: 1170410 CVE RAST: HSBC056859
0004686365|10/06/2017|10/06/2017|0000000000|DEP.EFECTIVO|000|0004|$7,226.80|$0.00|$789,850.51|341264|
0004686365|10/06/2017|10/06/2017|0000000000|DEP.EFECTIVO|000|0004|$232,960.16|$0.00|$1,022,810.67|341265|
0004686365|10/06/2017|10/06/2017|0000000000|002601001704100000226803|003|5663|$16,369.77|$0.00|$1,039,180.44|341266|SPEI RECIBIDO DEL BANCO 0012 BBVA BANCOMER, DEL CLIENTE GAS METROPOLITANO SA DE CV, DE LA CLABE 012180001543555987   CON RFC GME540707CD1, CONCEPTO: TRASPASO BANCOMER A BANORTE CONCENTRADOR, REFERENCIA: 0100417 CVE RAST: 002601001704100000226803
0004686365|11/06/2017|11/06/2017|0000000000|DEV.CHEQUE LOCAL 0000000956|506|8068|$0.00|$2,000.00|$1,037,180.44|341267|FONDOS INSUFICIENTES
0004686365|11/06/2017|11/06/2017|0000000000|DEP.EFECTIVO|000|0004|$52,432.88|$0.00|$1,089,613.32|341268|
0004686365|11/06/2017|11/06/2017|0000000000|DEP.EFECTIVO|000|0004|$223,268.67|$0.00|$1,312,881.99|341269|
0004686365|11/06/2017|11/06/2017|0000000000|DEP.EFECTIVO|000|0004|$99,499.16|$0.00|$1,412,381.15|341270|
0004686365|11/06/2017|11/06/2017|0000000000|DEP.EFECTIVO|000|0004|$17,000.00|$0.00|$1,429,381.15|341271|
0004686365|11/06/2017|11/06/2017|0000000000|DEPOSITO CHQ.BANORTE 0003786|080|0004|$9,998.08|$0.00|$1,439,379.23|341272|DEPOSITO DE LA CUENTA : 0278999532
0004686365|11/06/2017|11/06/2017|0000000000|DEP.EFECTIVO|000|0004|$31,729.00|$0.00|$1,471,108.23|341273|
0004686365|11/06/2017|11/06/2017|0000000000|DEP.EFECTIVO|000|0684|$661,121.13|$0.00|$2,132,229.36|341274|
0004686365|11/06/2017|11/06/2017|0000000000|002601001704110000032704|003|5663|$1,630,000.00|$0.00|$3,762,229.36|341275|SPEI RECIBIDO DEL BANCO 0012 BBVA BANCOMER, DEL CLIENTE GAS METROPOLITANO SA DE CV, DE LA CLABE 012180001100072777   CON RFC GME540707CD1, CONCEPTO: TRASPASO BANCOMER A BANORTE CONCENTRADOR, REFERENCIA: 0110417 CVE RAST: 002601001704110000032704
0004686365|11/06/2017|11/06/2017|0000000000|2017041140014 TCT0000496298580|003|5663|$48,128.75|$0.00|$3,810,358.11|341276|SPEI RECIBIDO DEL BANCO 0014 SANTANDER, DEL CLIENTE GAS METROPOLITANO SA DE CV, DE LA CLABE 014180655015916550   CON RFC ND, CONCEPTO: TRASPASO DEL DIA SANTANDER A BANORTE, REFERENCIA: 0110417 CVE RAST: 2017041140014 TCT0000496298580
0004686365|11/06/2017|11/06/2017|0000000000|DEP.EFECTIVO|000|0013|$701,778.45|$0.00|$4,512,136.56|341277|
0004686365|11/06/2017|11/06/2017|0000000000|DEP.EFECTIVO|000|0013|$47,500.40|$0.00|$4,559,636.96|341278|
0004686365|11/06/2017|11/06/2017|0000000000|DEP.EFECTIVO|000|0013|$252,247.98|$0.00|$4,811,884.94|341279|
0004686365|11/06/2017|12/06/2017|0000000000|DEP. REMOTO CH. SBC 0002248|006|4543|$1,023.75|$0.00|$4,812,908.69|341280|CHEQUE RECIBIDO SBC POR SERVICIO DE DEPOSITOS REMOTOS, BCO. 044 CTA. 00105003229 NO.CHEQUE 0002248, REFERENCIA: 000019810042017
0004686365|11/06/2017|12/06/2017|0000000000|DEP. REMOTO CH. SBC 0002883|006|4543|$10,931.12|$0.00|$4,823,839.81|341281|CHEQUE RECIBIDO SBC POR SERVICIO DE DEPOSITOS REMOTOS, BCO. 062 CTA. 00136106678 NO.CHEQUE 0002883, REFERENCIA: 000019810042017
0004686365|11/06/2017|12/06/2017|0000000000|DEP. REMOTO CH. SBC 0003718|006|4543|$1,045.00|$0.00|$4,824,884.81|341282|CHEQUE RECIBIDO SBC POR SERVICIO DE DEPOSITOS REMOTOS, BCO. 044 CTA. 00104435001 NO.CHEQUE 0003718, REFERENCIA: 000000210042017
0004686365|11/06/2017|12/06/2017|0000000000|DEP. REMOTO CH. SBC 0000632|006|4543|$1,500.00|$0.00|$4,826,384.81|341283|CHEQUE RECIBIDO SBC POR SERVICIO DE DEPOSITOS REMOTOS, BCO. 044 CTA. 00102175487 NO.CHEQUE 0000632, REFERENCIA: 000000210042017
0004686365|11/06/2017|12/06/2017|0000000000|DEP. REMOTO CH. SBC 0000515|006|4543|$300.00|$0.00|$4,826,684.81|341284|CHEQUE RECIBIDO SBC POR SERVICIO DE DEPOSITOS REMOTOS, BCO. 036 CTA. 50025784931 NO.CHEQUE 0000515, REFERENCIA: 000000310042017
0004686365|11/06/2017|12/06/2017|0000000000|DEP. REMOTO CH. SBC 0002252|006|4543|$1,000.00|$0.00|$4,827,684.81|341285|CHEQUE RECIBIDO SBC POR SERVICIO DE DEPOSITOS REMOTOS, BCO. 044 CTA. 00100368725 NO.CHEQUE 0002252, REFERENCIA: 000000310042017
0004686365|11/06/2017|12/06/2017|0000000000|DEP. REMOTO CH. SBC 0000914|006|4543|$1,636.20|$0.00|$4,829,321.01|341286|CHEQUE RECIBIDO SBC POR SERVICIO DE DEPOSITOS REMOTOS, BCO. 132 CTA. 00004762924 NO.CHEQUE 0000914, REFERENCIA: 000019810042017
0004686365|11/06/2017|12/06/2017|0000000000|DEP. REMOTO CH. SBC 0000264|006|4543|$283.00|$0.00|$4,829,604.01|341287|CHEQUE RECIBIDO SBC POR SERVICIO DE DEPOSITOS REMOTOS, BCO. 036 CTA. 50000872990 NO.CHEQUE 0000264, REFERENCIA: 000019810042017
0004686365|11/06/2017|12/06/2017|0000000000|DEP. REMOTO CH. SBC 0000021|006|4543|$1,064.70|$0.00|$4,830,668.71|341288|CHEQUE RECIBIDO SBC POR SERVICIO DE DEPOSITOS REMOTOS, BCO. 036 CTA. 50019952704 NO.CHEQUE 0000021, REFERENCIA: 000019810042017
0004686365|11/06/2017|12/06/2017|0000000000|DEP. REMOTO CH. SBC 0001529|006|4543|$2,001.00|$0.00|$4,832,669.71|341289|CHEQUE RECIBIDO SBC POR SERVICIO DE DEPOSITOS REMOTOS, BCO. 044 CTA. 00106466745 NO.CHEQUE 0001529, REFERENCIA: 000019810042017
0004686365|11/06/2017|12/06/2017|0000000000|DEP. REMOTO CH. SBC 0008503|006|4543|$2,000.00|$0.00|$4,834,669.71|341290|CHEQUE RECIBIDO SBC POR SERVICIO DE DEPOSITOS REMOTOS, BCO. 044 CTA. 00109003673 NO.CHEQUE 0008503, REFERENCIA: 000003710042017
0004686365|11/06/2017|11/06/2017|0000110417|TRASPASO A CUENTA PROPIA|790|8846|$0.00|$291,874.77|$4,542,794.94|341291|IVA:00000000.00    , A LA CUENTA 0089348641, TRASPASO PAGO PEMEX AL R.F.C. GME540707CD1
0004686365|11/06/2017|11/06/2017|0000000000|DEPOSITO REMOTO CHQS.BANORTE|080|4543|$600.00|$0.00|$4,543,394.94|341292|TOTAL DE          1 CHEQUES BANORTE RECIBIDOS, POR SERVICIO DE DEPOSITOS REMOTOS., REFERENCIA: 000000310042017
0004686365|11/06/2017|11/06/2017|0000000000|DEPOSITO REMOTO CHQS.BANORTE|080|4543|$3,081.00|$0.00|$4,546,475.94|341293|TOTAL DE          2 CHEQUES BANORTE RECIBIDOS, POR SERVICIO DE DEPOSITOS REMOTOS., REFERENCIA: 000000210042017
0004686365|11/06/2017|11/06/2017|0000000000|DEPOSITO REMOTO CHQS.BANORTE|080|4543|$8,366.70|$0.00|$4,554,842.64|341294|TOTAL DE          4 CHEQUES BANORTE RECIBIDOS, POR SERVICIO DE DEPOSITOS REMOTOS., REFERENCIA: 000019810042017
0004686365|11/06/2017|11/06/2017|0000000000|DEPOSITO REMOTO CHQS.BANORTE|080|4543|$15,834.23|$0.00|$4,570,676.87|341295|TOTAL DE          2 CHEQUES BANORTE RECIBIDOS, POR SERVICIO DE DEPOSITOS REMOTOS., REFERENCIA: 000000210042017
0004686365|11/06/2017|11/06/2017|0000000000|DEPOSITO REMOTO CHQS.BANORTE|080|4543|$4,997.70|$0.00|$4,575,674.57|341296|TOTAL DE          2 CHEQUES BANORTE RECIBIDOS, POR SERVICIO DE DEPOSITOS REMOTOS., REFERENCIA: 000003710042017
0004686365|11/06/2017|11/06/2017|0000000000|DEPOSITO REMOTO CHQS.BANORTE|080|4543|$2,000.00|$0.00|$4,577,674.57|341297|TOTAL DE          1 CHEQUES BANORTE RECIBIDOS, POR SERVICIO DE DEPOSITOS REMOTOS., REFERENCIA: 000000310042017
0004686365|11/06/2017|11/06/2017|0000000000|DEPOSITO REMOTO CHQS.BANORTE|080|4543|$2,000.00|$0.00|$4,579,674.57|341298|TOTAL DE          1 CHEQUES BANORTE RECIBIDOS, POR SERVICIO DE DEPOSITOS REMOTOS., REFERENCIA: 000003710042017
0004686365|11/06/2017|11/06/2017|0000000000|085902363770310175|003|5663|$40,251.72|$0.00|$4,619,926.29|341299|SPEI RECIBIDO DEL BANCO 0002 BANAMEX, DEL CLIENTE GAS METROPOLITANO SA DE CV, DE LA CLABE 002180020842869349   CON RFC GME540707CD1, CONCEPTO: DEP ELECT DEL DIA TRASP BTE CONCENTRADOR, REFERENCIA: 0012345 CVE RAST: 085902363770310175
0004686365|11/06/2017|11/06/2017|0000000000|HSBC019570|003|5663|$22,329.18|$0.00|$4,642,255.47|341300|SPEI RECIBIDO DEL BANCO 0021 HSBC, DEL CLIENTE GAS METROPOLITANO  S A  DE C V, DE LA CLABE 021180040293499743   CON RFC GME540707CD1, CONCEPTO: TRASP DEL DIA HSBC A BNTE CONCENT, REFERENCIA: 1170411 CVE RAST: HSBC019570
0004686365|11/06/2017|11/06/2017|0000110417|DEPOSITO DE CUENTA PROPIA|262|8846|$670,000.00|$0.00|$5,312,255.47|341301|DE LA CUENTA 0515492550, TRASPASO TPV A CONCENTRADORA
0004686365|11/06/2017|11/06/2017|0000110417|TRASPASO A CUENTA PROPIA|790|8846|$0.00|$500,000.00|$4,812,255.47|341302|IVA:00000000.00    , A LA CUENTA 0559478361, TRASPASO PRESUPUESTO PROVEEDOR AL R.F.C. GME540707CD1
0004686365|11/06/2017|11/06/2017|0000000000|CARGO POR PAGO CONCENTRACION|503|8846|$0.00|$4,692,500.00|$119,755.47|341303|BEM INTERCAM BANCO  0000000000000000000000000000000107111049, AL RFC IBI061030GD4, RAS 88467101512617002621  FAC 002621
0004686365|11/06/2017|11/06/2017|0000000000|DEP.EFECTIVO|000|0004|$1,203.93|$0.00|$120,959.40|341304|
0004686365|11/06/2017|11/06/2017|0000000000|002601001704110000224698|003|5663|$25,988.86|$0.00|$146,948.26|341305|SPEI RECIBIDO DEL BANCO 0012 BBVA BANCOMER, DEL CLIENTE GAS METROPOLITANO SA DE CV, DE LA CLABE 012180001543555987   CON RFC GME540707CD1, CONCEPTO: TRASPASO BANCOMER A BANORTE CONCENTRADOR, REFERENCIA: 0110417 CVE RAST: 002601001704110000224698
0004686365|12/06/2017|12/06/2017|0000000000|COM. FIJA SERVICIO DEP. REMOTO|537|4543|$0.00|$300.00|$146,648.26|341306|COMISION POR RENTA DEL SERVICIO DE DEPOSITO REMOTO, CUENTA DEL SERVICIO 0004686365 FECHA DE ALTA: 2010-10-13
0004686365|12/06/2017|12/06/2017|0000000000|IVA SERVICIO DEPOSITOS REMOTOS|517|4543|$0.00|$48.00|$146,600.26|341307|
0004686365|12/06/2017|12/06/2017|0000000000|DEP.EFECTIVO|000|0004|$10,000.00|$0.00|$156,600.26|341308|
0004686365|12/06/2017|12/06/2017|0000000000|DEP.EFECTIVO|000|0004|$42,534.82|$0.00|$199,135.08|341309|
0004686365|12/06/2017|12/06/2017|0000000000|DEP.EFECTIVO|000|0004|$35,424.00|$0.00|$234,559.08|341310|
0004686365|12/06/2017|12/06/2017|0000000000|DEP.EFECTIVO|000|0684|$19,848.70|$0.00|$254,407.78|341311|
0004686365|12/06/2017|12/06/2017|0000000000|DEP.EFECTIVO|000|0684|$144,000.00|$0.00|$398,407.78|341312|
0004686365|12/06/2017|12/06/2017|0000000000|DEP.EFECTIVO|000|0684|$350,000.00|$0.00|$748,407.78|341313|
0004686365|12/06/2017|12/06/2017|0000000000|DEP.EFECTIVO|000|0004|$737,502.59|$0.00|$1,485,910.37|341314|
0004686365|12/06/2017|12/06/2017|0000000000|DEP.EFECTIVO|000|0684|$151,491.55|$0.00|$1,637,401.92|341315|
0004686365|12/06/2017|12/06/2017|0000000000|DEP.EFECTIVO|000|0684|$237,331.62|$0.00|$1,874,733.54|341316|
0004686365|12/06/2017|12/06/2017|0000000000|085901751950310279|003|5663|$17,240.34|$0.00|$1,891,973.88|341317|SPEI RECIBIDO DEL BANCO 0002 BANAMEX, DEL CLIENTE GAS METROPOLITANO SA DE CV, DE LA CLABE 002180020842869349   CON RFC GME540707CD1, CONCEPTO: DEP ELECT DEL DIA TRASP BTE CONCENTADORA, REFERENCIA: 0012345 CVE RAST: 085901751950310279
0004686365|12/06/2017|12/06/2017|0000120417|TRASPASO A CUENTA PROPIA|790|8846|$0.00|$283,215.44|$1,608,758.44|341318|IVA:00000000.00    , A LA CUENTA 0089348641, TRASPASO PAGO PEMEX AL R.F.C. GME540707CD1
0004686365|12/06/2017|12/06/2017|0000000000|DEP.EFECTIVO|000|0004|$300,000.00|$0.00|$1,908,758.44|341319|
0004686365|12/06/2017|12/06/2017|0000000000|DEP.EFECTIVO|000|0004|$275,000.00|$0.00|$2,183,758.44|341320|
0004686365|12/06/2017|12/06/2017|0000000000|DEP.EFECTIVO|000|0004|$208,000.00|$0.00|$2,391,758.44|341321|
0004686365|12/06/2017|12/06/2017|0000000000|DEP.EFECTIVO|000|0004|$197,000.00|$0.00|$2,588,758.44|341322|
0004686365|12/06/2017|12/06/2017|0000000000|DEP.EFECTIVO|000|0004|$125,000.00|$0.00|$2,713,758.44|341323|
0004686365|12/06/2017|12/06/2017|0000000000|DEP.EFECTIVO|000|0004|$108,000.00|$0.00|$2,821,758.44|341324|
0004686365|12/06/2017|12/06/2017|0000000000|DEP.EFECTIVO|000|0004|$99,000.00|$0.00|$2,920,758.44|341325|
0004686365|12/06/2017|12/06/2017|0000000000|DEP.EFECTIVO|000|0004|$88,000.00|$0.00|$3,008,758.44|341326|
0004686365|12/06/2017|12/06/2017|0000000000|DEP.EFECTIVO|000|0004|$75,000.00|$0.00|$3,083,758.44|341327|
0004686365|12/06/2017|12/06/2017|0000000000|DEP.EFECTIVO|000|0004|$73,000.00|$0.00|$3,156,758.44|341328|
0004686365|12/06/2017|12/06/2017|0000000000|DEP.EFECTIVO|000|0004|$66,000.00|$0.00|$3,222,758.44|341329|
0004686365|12/06/2017|12/06/2017|0000000000|DEP.EFECTIVO|000|0004|$36,000.00|$0.00|$3,258,758.44|341330|
0004686365|12/06/2017|12/06/2017|0000000000|DEP.EFECTIVO|000|2011|$100.00|$0.00|$3,258,858.44|341331|
0004686365|12/06/2017|12/06/2017|0000000000|CARGO POR PAGO CONCENTRACION|503|8846|$0.00|$2,817,750.00|$441,108.44|341332|BEM INTERCAM BANCO  0000000000000000000000000000000107111049, AL RFC IBI061030GD4, RAS 88467102627831002621  FAC 002621
0004686365|12/06/2017|17/06/2017|0000000000|DEP. REMOTO CH. SBC 0000638|006|4543|$7,551.18|$0.00|$448,659.62|341333|CHEQUE RECIBIDO SBC POR SERVICIO DE DEPOSITOS REMOTOS, BCO. 044 CTA. 00104047516 NO.CHEQUE 0000638, REFERENCIA: 000019811042017
0004686365|12/06/2017|17/06/2017|0000000000|DEP. REMOTO CH. SBC 2896016|006|4543|$6,519.24|$0.00|$455,178.86|341334|CHEQUE RECIBIDO SBC POR SERVICIO DE DEPOSITOS REMOTOS, BCO. 042 CTA. 01600208043 NO.CHEQUE 2896016, REFERENCIA: 000003711042017
0004686365|12/06/2017|17/06/2017|0000000000|DEP. REMOTO CH. SBC 0000083|006|4543|$4,086.81|$0.00|$459,265.67|341335|CHEQUE RECIBIDO SBC POR SERVICIO DE DEPOSITOS REMOTOS, BCO. 044 CTA. 00102009839 NO.CHEQUE 0000083, REFERENCIA: 000003711042017
0004686365|12/06/2017|17/06/2017|0000000000|DEP. REMOTO CH. SBC 0000679|006|4543|$1,500.00|$0.00|$460,765.67|341336|CHEQUE RECIBIDO SBC POR SERVICIO DE DEPOSITOS REMOTOS, BCO. 044 CTA. 00109487662 NO.CHEQUE 0000679, REFERENCIA: 000000211042017
0004686365|12/06/2017|17/06/2017|0000000000|DEP. REMOTO CH. SBC 0005421|006|4543|$5,000.00|$0.00|$465,765.67|341337|CHEQUE RECIBIDO SBC POR SERVICIO DE DEPOSITOS REMOTOS, BCO. 044 CTA. 00104326431 NO.CHEQUE 0005421, REFERENCIA: 000019811042017
0004686365|12/06/2017|17/06/2017|0000000000|DEP. REMOTO CH. SBC 0000003|006|4543|$810.00|$0.00|$466,575.67|341338|CHEQUE RECIBIDO SBC POR SERVICIO DE DEPOSITOS REMOTOS, BCO. 030 CTA. 90000691812 NO.CHEQUE 0000003, REFERENCIA: 000000311042017
0004686365|12/06/2017|17/06/2017|0000000000|DEP. REMOTO CH. SBC 0000160|006|4543|$1,279.80|$0.00|$467,855.47|341339|CHEQUE RECIBIDO SBC POR SERVICIO DE DEPOSITOS REMOTOS, BCO. 036 CTA. 50021650793 NO.CHEQUE 0000160, REFERENCIA: 000000311042017
0004686365|12/06/2017|17/06/2017|0000000000|DEP. REMOTO CH. SBC 0001380|006|4543|$1,587.60|$0.00|$469,443.07|341340|CHEQUE RECIBIDO SBC POR SERVICIO DE DEPOSITOS REMOTOS, BCO. 036 CTA. 11818820013 NO.CHEQUE 0001380, REFERENCIA: 000000311042017
0004686365|12/06/2017|17/06/2017|0000000000|DEP. REMOTO CH. SBC 0000871|006|4543|$1,800.00|$0.00|$471,243.07|341341|CHEQUE RECIBIDO SBC POR SERVICIO DE DEPOSITOS REMOTOS, BCO. 036 CTA. 40124435341 NO.CHEQUE 0000871, REFERENCIA: 000000311042017
0004686365|12/06/2017|17/06/2017|0000000000|DEP. REMOTO CH. SBC 0000081|006|4543|$1,028.70|$0.00|$472,271.77|341342|CHEQUE RECIBIDO SBC POR SERVICIO DE DEPOSITOS REMOTOS, BCO. 044 CTA. 00101877343 NO.CHEQUE 0000081, REFERENCIA: 000000311042017
0004686365|12/06/2017|17/06/2017|0000000000|DEP. REMOTO CH. SBC 0000178|006|4543|$1,360.00|$0.00|$473,631.77|341343|CHEQUE RECIBIDO SBC POR SERVICIO DE DEPOSITOS REMOTOS, BCO. 044 CTA. 00106145395 NO.CHEQUE 0000178, REFERENCIA: 000000311042017
0004686365|12/06/2017|17/06/2017|0000000000|DEP. REMOTO CH. SBC 0000581|006|4543|$2,293.00|$0.00|$475,924.77|341344|CHEQUE RECIBIDO SBC POR SERVICIO DE DEPOSITOS REMOTOS, BCO. 044 CTA. 00100394033 NO.CHEQUE 0000581, REFERENCIA: 000000311042017
0004686365|12/06/2017|17/06/2017|0000000000|DEP. REMOTO CH. SBC 0000292|006|4543|$5,000.00|$0.00|$480,924.77|341345|CHEQUE RECIBIDO SBC POR SERVICIO DE DEPOSITOS REMOTOS, BCO. 044 CTA. 00104759148 NO.CHEQUE 0000292, REFERENCIA: 000000311042017
0004686365|12/06/2017|12/06/2017|0000000000|DEPOSITO REMOTO CHQS.BANORTE|080|4543|$1,656.48|$0.00|$482,581.25|341346|TOTAL DE          1 CHEQUES BANORTE RECIBIDOS, POR SERVICIO DE DEPOSITOS REMOTOS., REFERENCIA: 000000311042017
0004686365|12/06/2017|12/06/2017|0000000000|DEPOSITO REMOTO CHQS.BANORTE|080|4543|$10,725.00|$0.00|$493,306.25|341347|TOTAL DE          4 CHEQUES BANORTE RECIBIDOS, POR SERVICIO DE DEPOSITOS REMOTOS., REFERENCIA: 000000211042017
0004686365|12/06/2017|12/06/2017|0000000000|DEPOSITO REMOTO CHQS.BANORTE|080|4543|$22,154.27|$0.00|$515,460.52|341348|TOTAL DE          7 CHEQUES BANORTE RECIBIDOS, POR SERVICIO DE DEPOSITOS REMOTOS., REFERENCIA: 000019811042017
0004686365|12/06/2017|12/06/2017|0000000000|DEPOSITO REMOTO CHQS.BANORTE|080|4543|$4,698.00|$0.00|$520,158.52|341349|TOTAL DE          1 CHEQUES BANORTE RECIBIDOS, POR SERVICIO DE DEPOSITOS REMOTOS., REFERENCIA: 000000211042017
0004686365|12/06/2017|12/06/2017|0000000000|DEPOSITO REMOTO CHQS.BANORTE|080|4543|$5,000.00|$0.00|$525,158.52|341350|TOTAL DE          1 CHEQUES BANORTE RECIBIDOS, POR SERVICIO DE DEPOSITOS REMOTOS., REFERENCIA: 000000711042017
0004686365|12/06/2017|12/06/2017|0000000000|DEPOSITO REMOTO CHQS.BANORTE|080|4543|$1,000.00|$0.00|$526,158.52|341351|TOTAL DE          1 CHEQUES BANORTE RECIBIDOS, POR SERVICIO DE DEPOSITOS REMOTOS., REFERENCIA: 000000311042017
0004686365|12/06/2017|12/06/2017|0000000000|DEPOSITO REMOTO CHQS.BANORTE|080|4543|$1,125.00|$0.00|$527,283.52|341352|TOTAL DE          1 CHEQUES BANORTE RECIBIDOS, POR SERVICIO DE DEPOSITOS REMOTOS., REFERENCIA: 000003711042017
0004686365|12/06/2017|12/06/2017|0000000000|DEP.EFECTIVO|000|2011|$56,513.92|$0.00|$583,797.44|341353|
0004686365|12/06/2017|12/06/2017|0000000000|HSBC034922|003|5663|$63,537.82|$0.00|$647,335.26|341354|SPEI RECIBIDO DEL BANCO 0021 HSBC, DEL CLIENTE GAS METROPOLITANO  S A  DE C V, DE LA CLABE 021180040293499743   CON RFC GME540707CD1, CONCEPTO: TRASP DEL DIA HSBC A BNTE CONCENT, REFERENCIA: 1170412 CVE RAST: HSBC034922
0004686365|12/06/2017|12/06/2017|0000000000|DEP.EFECTIVO|000|2011|$42,623.02|$0.00|$689,958.28|341355|
0004686365|12/06/2017|12/06/2017|0000000000|DEP.EFECTIVO|000|2011|$42,562.65|$0.00|$732,520.93|341356|
0004686365|12/06/2017|12/06/2017|0000000000|2017041240014 TCT0000453926820|003|5663|$23,713.97|$0.00|$756,234.90|341357|SPEI RECIBIDO DEL BANCO 0014 SANTANDER, DEL CLIENTE GAS METROPOLITANO SA DE CV, DE LA CLABE 014180655015916550   CON RFC ND, CONCEPTO: TRASPASO DEL DIA SANTANDER A BANORTE, REFERENCIA: 0120417 CVE RAST: 2017041240014 TCT0000453926820
0004686365|12/06/2017|12/06/2017|0000000000|2017041240014 TCT0000453926730|003|5663|$325,000.00|$0.00|$1,081,234.90|341358|SPEI RECIBIDO DEL BANCO 0014 SANTANDER, DEL CLIENTE GAS METROPOLITANO SA DE CV, DE LA CLABE 014180655019944968   CON RFC ND, CONCEPTO: TRASPASO SANTANDER REFERENCIADOA BANORTE, REFERENCIA: 0120417 CVE RAST: 2017041240014 TCT0000453926730
0004686365|12/06/2017|12/06/2017|0000000000|2017041240014 TCT0000453926920|003|5663|$813,960.08|$0.00|$1,895,194.98|341359|SPEI RECIBIDO DEL BANCO 0014 SANTANDER, DEL CLIENTE GAS METROPOLITANO SA DE CV, DE LA CLABE 014180655015916550   CON RFC ND, CONCEPTO: TRASPASO SANTANDER CLIENTES A BANORTE, REFERENCIA: 0120417 CVE RAST: 2017041240014 TCT0000453926920
0004686365|12/06/2017|12/06/2017|0000000000|DEP.EFECTIVO|000|2011|$36,762.20|$0.00|$1,931,957.18|341360|
0004686365|12/06/2017|12/06/2017|0000000000|DEP.EFECTIVO|000|2011|$305,830.98|$0.00|$2,237,788.16|341361|
0004686365|12/06/2017|12/06/2017|0000000000|CARGO POR PAGO CONCENTRACION|503|8846|$0.00|$1,878,500.00|$359,288.16|341362|BEM INTERCAM BANCO  0000000000000000000000000000000107111049, AL RFC IBI061030GD4, RAS 88467102653150002621  FAC 002621
0004686365|12/06/2017|12/06/2017|0000120417|DEPOSITO DE CUENTA PROPIA|262|8846|$80,000.00|$0.00|$439,288.16|341363|DE LA CUENTA 0526140549, TRASPASO REF A CONCENTRADORA
0004686365|12/06/2017|12/06/2017|0000120417|DEPOSITO DE CUENTA PROPIA|262|8846|$1,670,000.00|$0.00|$2,109,288.16|341364|DE LA CUENTA 0515492550, TRASPASO TPV A CONCENTRADORA
0004686365|12/06/2017|12/06/2017|0000120417|TRASPASO A CUENTA PROPIA|790|8846|$0.00|$1,600,000.00|$509,288.16|341365|IVA:00000000.00    , A LA CUENTA 0559478361, TRASPASO PRESUPUESTO PROVEEDOR AL R.F.C. GME540707CD1
0004686365|12/06/2017|12/06/2017|0000000000|002601001704120000252550|003|5663|$65,533.03|$0.00|$574,821.19|341366|SPEI RECIBIDO DEL BANCO 0012 BBVA BANCOMER, DEL CLIENTE GAS METROPOLITANO SA DE CV, DE LA CLABE 012180001543555987   CON RFC GME540707CD1, CONCEPTO: TRASPASO BANCOMER A BANORTE CONCENTRADOR, REFERENCIA: 0120417 CVE RAST: 002601001704120000252550
0004686365|12/06/2017|12/06/2017|0000000000|002601001704120000256648|003|5663|$920,000.00|$0.00|$1,494,821.19|341367|SPEI RECIBIDO DEL BANCO 0012 BBVA BANCOMER, DEL CLIENTE GAS METROPOLITANO SA DE CV, DE LA CLABE 012180001100072777   CON RFC GME540707CD1, CONCEPTO: TRASPASO BANCOMER A BANORTE CONCENTRADOR, REFERENCIA: 0120417 CVE RAST: 002601001704120000256648
0004686365|12/06/2017|12/06/2017|0000000000|CARGO POR PAGO CONCENTRACION|503|8846|$0.00|$469,625.00|$1,025,196.19|341368|BEM INTERCAM BANCO  0000000000000000000000000000000107111049, AL RFC IBI061030GD4, RAS 88467102685278002621  FAC 002621
0004686365|12/06/2017|12/06/2017|0000120417|DEPOSITO DE CUENTA PROPIA|262|8846|$510,000.00|$0.00|$1,535,196.19|341369|DE LA CUENTA 0662334059, TRASPASO EST CARB A CONCENTRAD
0004686365|12/06/2017|12/06/2017|0012042017|TRASPASO A CUENTA PROPIA|790|8846|$0.00|$941,000.00|$594,196.19|341370|IVA:00000000.00    , A LA CUENTA 0559478361, TRASPASO PRESUPUESTO NOMINA AL R.F.C. GME540707CD1
0004686365|12/06/2017|12/06/2017|0000000000|CARGO POR PAGO CONCENTRACION|503|8846|$0.00|$187,800.00|$406,396.19|341371|BEM INTERCAM BANCO  0000000000000000000000000000000107111049, AL RFC IBI061030GD4, RAS 88467102705835002621  FAC 002621
0004686365|12/06/2017|12/06/2017|0000000000|085905038550310275|003|5663|$2,545,000.00|$0.00|$2,951,396.19|341372|SPEI RECIBIDO DEL BANCO 0002 BANAMEX, DEL CLIENTE GAS METROPOLITANO SA DE CV, DE LA CLABE 002180020800108615   CON RFC GME540707CD1, CONCEPTO: TRASPASO CONCENTRADORA BANORTE, REFERENCIA: 0012345 CVE RAST: 085905038550310275
0004686365|12/06/2017|12/06/2017|0000120417|TRASPASO A CUENTA PROPIA|790|8846|$0.00|$2,900,000.00|$51,396.19|341373|IVA:00000000.00    , A LA CUENTA 0559478361, TRASPASO PRESUPUESTO PROVEEDOR AL R.F.C. GME540707CD1
0004686365|17/06/2017|17/06/2017|0000000000|DEP.EFECTIVO|000|0013|$81,985.80|$0.00|$133,381.99|341374|
0004686365|17/06/2017|17/06/2017|0000000000|DEP.EFECTIVO|000|0013|$96,000.00|$0.00|$229,381.99|341375|
0004686365|17/06/2017|17/06/2017|0000000000|DEP.EFECTIVO|000|0013|$162,000.00|$0.00|$391,381.99|341376|
0004686365|17/06/2017|17/06/2017|0000000000|DEP.EFECTIVO|000|0004|$53,268.98|$0.00|$444,650.97|341377|
0004686365|17/06/2017|17/06/2017|0000000000|DEP.EFECTIVO|000|0013|$130,453.85|$0.00|$575,104.82|341378|
0004686365|17/06/2017|17/06/2017|0000000000|DEP.EFECTIVO|000|0684|$104,599.80|$0.00|$679,704.62|341379|
0004686365|17/06/2017|17/06/2017|0000000000|DEP.EFECTIVO|000|0684|$42,680.34|$0.00|$722,384.96|341380|
0004686365|17/06/2017|17/06/2017|0000000000|DEP.EFECTIVO|000|2011|$8,456.03|$0.00|$730,840.99|341381|
0004686365|17/06/2017|17/06/2017|0000000000|DEP.EFECTIVO|000|0004|$45,933.64|$0.00|$776,774.63|341382|
0004686365|17/06/2017|17/06/2017|0000000000|DEP.EFECTIVO|000|2011|$11,884.67|$0.00|$788,659.30|341383|
0004686365|17/06/2017|17/06/2017|0000000000|DEP.EFECTIVO|000|0684|$302,956.35|$0.00|$1,091,615.65|341384|
0004686365|17/06/2017|17/06/2017|0000000000|DEP.EFECTIVO|000|0004|$148,339.20|$0.00|$1,239,954.85|341385|
0004686365|17/06/2017|17/06/2017|0000000000|DEP.EFECTIVO|000|2011|$15,560.90|$0.00|$1,255,515.75|341386|
0004686365|17/06/2017|17/06/2017|0000000000|DEP.EFECTIVO|000|0684|$422,784.86|$0.00|$1,678,300.61|341387|
0004686365|17/06/2017|17/06/2017|0000000000|DEP.EFECTIVO|000|0684|$14,485.70|$0.00|$1,692,786.31|341388|
0004686365|17/06/2017|17/06/2017|0000000000|DEP.EFECTIVO|000|2011|$35,841.79|$0.00|$1,728,628.10|341389|
0004686365|17/06/2017|17/06/2017|0000000000|DEP.EFECTIVO|000|0004|$26,407.30|$0.00|$1,755,035.40|341390|
0004686365|17/06/2017|17/06/2017|0000000000|002601001704170000061511|003|5663|$76,994.92|$0.00|$1,832,030.32|341391|SPEI RECIBIDO DEL BANCO 0012 BBVA BANCOMER, DEL CLIENTE GAS METROPOLITANO SA DE CV, DE LA CLABE 012180001543555987   CON RFC GME540707CD1, CONCEPTO: TRASPASO BANCOMER A BANORTE CONCENTRADOR, REFERENCIA: 0170417 CVE RAST: 002601001704170000061511
0004686365|17/06/2017|17/06/2017|0000000000|DEP.EFECTIVO|000|2011|$100,500.70|$0.00|$1,932,531.02|341392|
0004686365|17/06/2017|17/06/2017|0000000000|DEP.EFECTIVO|000|0004|$43,941.90|$0.00|$1,976,472.92|341393|
0004686365|17/06/2017|17/06/2017|0000000000|DEPOSITO EN EFECTIVO|000|0357|$1,091.00|$0.00|$1,977,563.92|341394|MEXICO
0004686365|17/06/2017|17/06/2017|0000000000|DEPOSITO EN EFECTIVO|000|0357|$1,050.00|$0.00|$1,978,613.92|341395|MEXICO
0004686365|17/06/2017|17/06/2017|0000000000|3573025504|003|5663|$2,315,000.00|$0.00|$4,293,613.92|341396|SPEI RECIBIDO DEL BANCO 0044 SCOTIABANK, DEL CLIENTE GAS METROPOLITANO SA DE CV, DE LA CLABE 044180001005708509   CON RFC ND, CONCEPTO: TRASPASO CONCENTRADORA BANORTE, REFERENCIA: 0170417 CVE RAST: 3573025504
0004686365|17/06/2017|17/06/2017|0000000000|DEP.EFECTIVO|000|0004|$25,000.00|$0.00|$4,318,613.92|341397|
0004686365|17/06/2017|17/06/2017|0000000000|DEP.EFECTIVO|000|0004|$16,188.21|$0.00|$4,334,802.13|341398|
0004686365|17/06/2017|17/06/2017|0000000000|DEP.EFECTIVO|000|0004|$51,695.47|$0.00|$4,386,497.60|341399|
0004686365|17/06/2017|17/06/2017|0000000000|CARGO POR PAGO CONCENTRACION|503|8846|$0.00|$3,760,000.00|$626,497.60|341400|BEM INTERCAM BANCO  0000000000000000000000000000000107111049, AL RFC IBI061030GD4, RAS 88467107873977002621  FAC 002621
0004686365|17/06/2017|18/06/2017|0000000000|DEP. REMOTO CH. SBC 0001445|006|4543|$10,008.18|$0.00|$636,505.78|341401|CHEQUE RECIBIDO SBC POR SERVICIO DE DEPOSITOS REMOTOS, BCO. 019 CTA. 00013001515 NO.CHEQUE 0001445, REFERENCIA: 000196815042017
0004686365|17/06/2017|18/06/2017|0000000000|DEP. REMOTO CH. SBC 0000043|006|4543|$722.54|$0.00|$637,228.32|341402|CHEQUE RECIBIDO SBC POR SERVICIO DE DEPOSITOS REMOTOS, BCO. 132 CTA. 00005593147 NO.CHEQUE 0000043, REFERENCIA: 000019815042017
0004686365|17/06/2017|18/06/2017|0000000000|DEP. REMOTO CH. SBC 0000378|006|4543|$1,000.00|$0.00|$638,228.32|341403|CHEQUE RECIBIDO SBC POR SERVICIO DE DEPOSITOS REMOTOS, BCO. 036 CTA. 50001646936 NO.CHEQUE 0000378, REFERENCIA: 000000712042017
0004686365|17/06/2017|18/06/2017|0000000000|DEP. REMOTO CH. SBC 0000001|006|4543|$1,004.40|$0.00|$639,232.72|341404|CHEQUE RECIBIDO SBC POR SERVICIO DE DEPOSITOS REMOTOS, BCO. 036 CTA. 50037776771 NO.CHEQUE 0000001, REFERENCIA: 000000712042017
0004686365|17/06/2017|18/06/2017|0000000000|DEP. REMOTO CH. SBC 0000238|006|4543|$1,200.00|$0.00|$640,432.72|341405|CHEQUE RECIBIDO SBC POR SERVICIO DE DEPOSITOS REMOTOS, BCO. 044 CTA. 00103989038 NO.CHEQUE 0000238, REFERENCIA: 000019812042017
0004686365|17/06/2017|18/06/2017|0000000000|DEP. REMOTO CH. SBC 0000398|006|4543|$2,000.00|$0.00|$642,432.72|341406|CHEQUE RECIBIDO SBC POR SERVICIO DE DEPOSITOS REMOTOS, BCO. 044 CTA. 00107204696 NO.CHEQUE 0000398, REFERENCIA: 000019812042017
0004686365|17/06/2017|18/06/2017|0000000000|DEP. REMOTO CH. SBC 0007775|006|4543|$2,500.00|$0.00|$644,932.72|341407|CHEQUE RECIBIDO SBC POR SERVICIO DE DEPOSITOS REMOTOS, BCO. 044 CTA. 00105884578 NO.CHEQUE 0007775, REFERENCIA: 000000312042017
0004686365|17/06/2017|18/06/2017|0000000000|DEP. REMOTO CH. SBC 0000526|006|4543|$2,502.90|$0.00|$647,435.62|341408|CHEQUE RECIBIDO SBC POR SERVICIO DE DEPOSITOS REMOTOS, BCO. 044 CTA. 00100284300 NO.CHEQUE 0000526, REFERENCIA: 000000312042017
0004686365|17/06/2017|18/06/2017|0000000000|DEP. REMOTO CH. SBC 0006133|006|4543|$437.00|$0.00|$647,872.62|341409|CHEQUE RECIBIDO SBC POR SERVICIO DE DEPOSITOS REMOTOS, BCO. 036 CTA. 50030972859 NO.CHEQUE 0006133, REFERENCIA: 000000312042017
0004686365|17/06/2017|18/06/2017|0000000000|DEP. REMOTO CH. SBC 0000911|006|4543|$2,000.00|$0.00|$649,872.62|341410|CHEQUE RECIBIDO SBC POR SERVICIO DE DEPOSITOS REMOTOS, BCO. 036 CTA. 50012889944 NO.CHEQUE 0000911, REFERENCIA: 000000312042017
0004686365|17/06/2017|18/06/2017|0000000000|DEP. REMOTO CH. SBC 0001117|006|4543|$2,430.00|$0.00|$652,302.62|341411|CHEQUE RECIBIDO SBC POR SERVICIO DE DEPOSITOS REMOTOS, BCO. 036 CTA. 50024961515 NO.CHEQUE 0001117, REFERENCIA: 000000312042017
0004686365|17/06/2017|18/06/2017|0000000000|DEP. REMOTO CH. SBC 0000245|006|4543|$1,500.00|$0.00|$653,802.62|341412|CHEQUE RECIBIDO SBC POR SERVICIO DE DEPOSITOS REMOTOS, BCO. 036 CTA. 50029832718 NO.CHEQUE 0000245, REFERENCIA: 000000011042017
0004686365|17/06/2017|18/06/2017|0000000000|DEP. REMOTO CH. SBC 0006465|006|4543|$594.00|$0.00|$654,396.62|341413|CHEQUE RECIBIDO SBC POR SERVICIO DE DEPOSITOS REMOTOS, BCO. 036 CTA. 50030972859 NO.CHEQUE 0006465, REFERENCIA: 000003130432017
0004686365|17/06/2017|18/06/2017|0000000000|DEP. REMOTO CH. SBC 0000288|006|4543|$1,032.20|$0.00|$655,428.82|341414|CHEQUE RECIBIDO SBC POR SERVICIO DE DEPOSITOS REMOTOS, BCO. 044 CTA. 00109148973 NO.CHEQUE 0000288, REFERENCIA: 000003130432017
0004686365|17/06/2017|18/06/2017|0000000000|DEP. REMOTO CH. SBC 0000453|006|4543|$1,215.00|$0.00|$656,643.82|341415|CHEQUE RECIBIDO SBC POR SERVICIO DE DEPOSITOS REMOTOS, BCO. 030 CTA. 82462250201 NO.CHEQUE 0000453, REFERENCIA: 000003130432017
0004686365|17/06/2017|18/06/2017|0000000000|DEP. REMOTO CH. SBC 0000494|006|4543|$9,973.20|$0.00|$666,617.02|341416|CHEQUE RECIBIDO SBC POR SERVICIO DE DEPOSITOS REMOTOS, BCO. 036 CTA. 50022246096 NO.CHEQUE 0000494, REFERENCIA: 000000213042017
0004686365|17/06/2017|18/06/2017|0000000000|DEP. REMOTO CH. SBC 0000538|006|4543|$1,500.00|$0.00|$668,117.02|341417|CHEQUE RECIBIDO SBC POR SERVICIO DE DEPOSITOS REMOTOS, BCO. 036 CTA. 50009209207 NO.CHEQUE 0000538, REFERENCIA: 000019813042017
0004686365|17/06/2017|18/06/2017|0000000000|DEP. REMOTO CH. SBC 0003230|006|4543|$2,673.00|$0.00|$670,790.02|341418|CHEQUE RECIBIDO SBC POR SERVICIO DE DEPOSITOS REMOTOS, BCO. 037 CTA. 00300000302 NO.CHEQUE 0003230, REFERENCIA: 000019813042017
0004686365|17/06/2017|18/06/2017|0000000000|DEP. REMOTO CH. SBC 3483731|006|4543|$2,713.50|$0.00|$673,503.52|341419|CHEQUE RECIBIDO SBC POR SERVICIO DE DEPOSITOS REMOTOS, BCO. 042 CTA. 00340053532 NO.CHEQUE 3483731, REFERENCIA: 000019813042017
0004686365|17/06/2017|18/06/2017|0000000000|DEP. REMOTO CH. SBC 0000273|006|4543|$9,432.00|$0.00|$682,935.52|341420|CHEQUE RECIBIDO SBC POR SERVICIO DE DEPOSITOS REMOTOS, BCO. 030 CTA. 90000927535 NO.CHEQUE 0000273, REFERENCIA: 000019813042017
0004686365|17/06/2017|18/06/2017|0000000000|DEP. REMOTO CH. SBC 0000387|006|4543|$20,475.00|$0.00|$703,410.52|341421|CHEQUE RECIBIDO SBC POR SERVICIO DE DEPOSITOS REMOTOS, BCO. 030 CTA. 90000936157 NO.CHEQUE 0000387, REFERENCIA: 000019813042017
0004686365|17/06/2017|18/06/2017|0000000000|DEP. REMOTO CH. SBC 0000419|006|4543|$2,457.00|$0.00|$705,867.52|341422|CHEQUE RECIBIDO SBC POR SERVICIO DE DEPOSITOS REMOTOS, BCO. 036 CTA. 50014073909 NO.CHEQUE 0000419, REFERENCIA: 000019814042017
0004686365|17/06/2017|18/06/2017|0000000000|DEP. REMOTO CH. SBC 0000517|006|4543|$300.00|$0.00|$706,167.52|341423|CHEQUE RECIBIDO SBC POR SERVICIO DE DEPOSITOS REMOTOS, BCO. 036 CTA. 50025784931 NO.CHEQUE 0000517, REFERENCIA: 000000315042017
0004686365|17/06/2017|18/06/2017|0000000000|DEP. REMOTO CH. SBC 0000189|006|4543|$1,000.00|$0.00|$707,167.52|341424|CHEQUE RECIBIDO SBC POR SERVICIO DE DEPOSITOS REMOTOS, BCO. 036 CTA. 50007797531 NO.CHEQUE 0000189, REFERENCIA: 000000315042017
0004686365|17/06/2017|17/06/2017|0000000000|DEPOSITO REMOTO CHQS.BANORTE|080|4543|$1,701.00|$0.00|$708,868.52|341425|TOTAL DE          1 CHEQUES BANORTE RECIBIDOS, POR SERVICIO DE DEPOSITOS REMOTOS., REFERENCIA: 000000312042017
0004686365|17/06/2017|17/06/2017|0000000000|DEPOSITO REMOTO CHQS.BANORTE|080|4543|$1,950.00|$0.00|$710,818.52|341426|TOTAL DE          1 CHEQUES BANORTE RECIBIDOS, POR SERVICIO DE DEPOSITOS REMOTOS., REFERENCIA: 000000212042017
0004686365|17/06/2017|17/06/2017|0000000000|DEPOSITO REMOTO CHQS.BANORTE|080|4543|$3,235.05|$0.00|$714,053.57|341427|TOTAL DE          1 CHEQUES BANORTE RECIBIDOS, POR SERVICIO DE DEPOSITOS REMOTOS., REFERENCIA: 000019812042017
0004686365|17/06/2017|17/06/2017|0000000000|DEPOSITO REMOTO CHQS.BANORTE|080|4543|$5,329.80|$0.00|$719,383.37|341428|TOTAL DE          2 CHEQUES BANORTE RECIBIDOS, POR SERVICIO DE DEPOSITOS REMOTOS., REFERENCIA: 000003712042017
0004686365|17/06/2017|17/06/2017|0000000000|DEPOSITO REMOTO CHQS.BANORTE|080|4543|$2,195.00|$0.00|$721,578.37|341429|TOTAL DE          1 CHEQUES BANORTE RECIBIDOS, POR SERVICIO DE DEPOSITOS REMOTOS., REFERENCIA: 000000312042017
0004686365|17/06/2017|17/06/2017|0000000000|DEPOSITO REMOTO CHQS.BANORTE|080|4543|$4,795.76|$0.00|$726,374.13|341430|TOTAL DE          1 CHEQUES BANORTE RECIBIDOS, POR SERVICIO DE DEPOSITOS REMOTOS., REFERENCIA: 000000713042017
0004686365|17/06/2017|17/06/2017|0000000000|DEPOSITO REMOTO CHQS.BANORTE|080|4543|$5,049.84|$0.00|$731,423.97|341431|TOTAL DE          1 CHEQUES BANORTE RECIBIDOS, POR SERVICIO DE DEPOSITOS REMOTOS., REFERENCIA: 000000313042017
0004686365|17/06/2017|17/06/2017|0000000000|DEPOSITO REMOTO CHQS.BANORTE|080|4543|$8,295.00|$0.00|$739,718.97|341432|TOTAL DE          1 CHEQUES BANORTE RECIBIDOS, POR SERVICIO DE DEPOSITOS REMOTOS., REFERENCIA: 000019813042017
0004686365|17/06/2017|17/06/2017|0000000000|DEPOSITO REMOTO CHQS.BANORTE|080|4543|$47,435.01|$0.00|$787,153.98|341433|TOTAL DE          5 CHEQUES BANORTE RECIBIDOS, POR SERVICIO DE DEPOSITOS REMOTOS., REFERENCIA: 000000213042017
0004686365|17/06/2017|17/06/2017|0000000000|DEPOSITO REMOTO CHQS.BANORTE|080|4543|$4,000.00|$0.00|$791,153.98|341434|TOTAL DE          3 CHEQUES BANORTE RECIBIDOS, POR SERVICIO DE DEPOSITOS REMOTOS., REFERENCIA: 000000315042017
0004686365|17/06/2017|17/06/2017|0000000000|DEPOSITO REMOTO CHQS.BANORTE|080|4543|$5,540.40|$0.00|$796,694.38|341435|TOTAL DE          1 CHEQUES BANORTE RECIBIDOS, POR SERVICIO DE DEPOSITOS REMOTOS., REFERENCIA: 000019815042017
0004686365|17/06/2017|17/06/2017|0000000000|DEPOSITO REMOTO CHQS.BANORTE|080|4543|$1,301.94|$0.00|$797,996.32|341436|TOTAL DE          2 CHEQUES BANORTE RECIBIDOS, POR SERVICIO DE DEPOSITOS REMOTOS., REFERENCIA: 000000315042017
0004686365|17/06/2017|17/06/2017|0000000000|2017041740014 TCT0000461661770|003|5663|$302,861.86|$0.00|$1,100,858.18|341437|SPEI RECIBIDO DEL BANCO 0014 SANTANDER, DEL CLIENTE GAS METROPOLITANO SA DE CV, DE LA CLABE 014180655015916550   CON RFC ND, CONCEPTO: TRASPASO DEL DIA SANTANDER A BANORTE, REFERENCIA: 0170417 CVE RAST: 2017041740014 TCT0000461661770
0004686365|17/06/2017|17/06/2017|0017042017|DEPOSITO DE CUENTA PROPIA|262|8846|$450,000.00|$0.00|$1,550,858.18|341438|DE LA CUENTA 0662334059, TRASPASO EST DE CARB A CONCENT
0004686365|17/06/2017|17/06/2017|0017042017|DEPOSITO DE CUENTA PROPIA|262|8846|$1,695,000.00|$0.00|$3,245,858.18|341439|DE LA CUENTA 0515492550, TRASPASO TPV A CONCENTRADORA
0004686365|17/06/2017|17/06/2017|0017042017|DEPOSITO DE CUENTA PROPIA|262|8846|$45,000.00|$0.00|$3,290,858.18|341440|DE LA CUENTA 0526140549, TRASPASO REF A CONCENTRADORA
0004686365|17/06/2017|17/06/2017|0017042017|TRASPASO A CUENTA PROPIA|790|8846|$0.00|$600,000.00|$2,690,858.18|341441|IVA:00000000.00    , A LA CUENTA 0559478361, traspaso presupuesto prov AL R.F.C. GME540707CD1
0004686365|17/06/2017|17/06/2017|0000000000|DEP.EFECTIVO|000|0004|$78,379.04|$0.00|$2,769,237.22|341442|
0004686365|17/06/2017|17/06/2017|0000000000|HSBC090154|003|5663|$27,103.10|$0.00|$2,796,340.32|341443|SPEI RECIBIDO DEL BANCO 0021 HSBC, DEL CLIENTE GAS METROPOLITANO  S A  DE C V, DE LA CLABE 021180040293499743   CON RFC GME540707CD1, CONCEPTO: TRAP DEL DIA HSBC A BNTE CONCENT, REFERENCIA: 1170417 CVE RAST: HSBC090154
0004686365|17/06/2017|17/06/2017|0000170417|TRASPASO DE CTA :   0559478361|004|4264|$17,012.00|$0.00|$2,813,352.32|341444|DE CUENTA  0559478361, TERCEROS
0004686365|17/06/2017|17/06/2017|0000000000|DEP.EFECTIVO|000|0004|$277,018.93|$0.00|$3,090,371.25|341445|
0004686365|17/06/2017|17/06/2017|0000000000|CARGO POR PAGO CONCENTRACION|503|8846|$0.00|$2,599,800.00|$490,571.25|341446|BEM INTERCAM BANCO  0000000000000000000000000000000107111049, AL RFC IBI061030GD4, RAS 88467107958364002621  FAC 002621
0004686365|17/06/2017|17/06/2017|0000000000|DEP.EFECTIVO|000|0004|$288,558.60|$0.00|$779,129.85|341447|
0004686365|17/06/2017|17/06/2017|0000000000|DEP.EFECTIVO|000|0004|$77,383.42|$0.00|$856,513.27|341448|
0004686365|17/06/2017|17/06/2017|0000000000|DEP.EFECTIVO|000|0004|$1,000.00|$0.00|$857,513.27|341449|
0004686365|17/06/2017|17/06/2017|0000000000|DEP.EFECTIVO|000|0004|$1,030.00|$0.00|$858,543.27|341450|
0004686365|17/06/2017|17/06/2017|0000000000|DEPOSITO CHQ.BANORTE 0000078|080|0004|$23,113.00|$0.00|$881,656.27|341451|DEPOSITO DE LA CUENTA : 0448540269
0004686365|17/06/2017|17/06/2017|0000000000|085904000770310771|003|5663|$417,908.21|$0.00|$1,299,564.48|341452|SPEI RECIBIDO DEL BANCO 0002 BANAMEX, DEL CLIENTE GAS METROPOLITANO SA DE CV, DE LA CLABE 002180020842869349   CON RFC GME540707CD1, CONCEPTO: DEP ELECT DEL DIA TRASP BTE CONCENTRADOR, REFERENCIA: 0012345 CVE RAST: 085904000770310771
0004686365|17/06/2017|17/06/2017|0000000000|002601001704170000234478|003|5663|$39,263.20|$0.00|$1,338,827.68|341453|SPEI RECIBIDO DEL BANCO 0012 BBVA BANCOMER, DEL CLIENTE GAS METROPOLITANO SA DE CV, DE LA CLABE 012180001543555987   CON RFC GME540707CD1, CONCEPTO: TRASPASO BANCOMER A BANORTE CONCENTRADOR, REFERENCIA: 0170417 CVE RAST: 002601001704170000234478
0004686365|18/06/2017|18/06/2017|0000000000|DEP.EFECTIVO|000|0013|$669,591.95|$0.00|$2,008,419.63|341454|
0004686365|18/06/2017|18/06/2017|0000000000|DEP.EFECTIVO|000|0684|$35,372.20|$0.00|$2,043,791.83|341455|
0004686365|18/06/2017|18/06/2017|0000000000|DEP.EFECTIVO|000|0684|$395,138.82|$0.00|$2,438,930.65|341456|
0004686365|18/06/2017|18/06/2017|0000000000|DEP.EFECTIVO|000|0004|$51,845.70|$0.00|$2,490,776.35|341457|
0004686365|18/06/2017|18/06/2017|0000000000|DEP.EFECTIVO|000|0004|$6,607.50|$0.00|$2,497,383.85|341458|
0004686365|18/06/2017|18/06/2017|0000000000|DEP.EFECTIVO|000|0004|$136,000.00|$0.00|$2,633,383.85|341459|
0004686365|18/06/2017|18/06/2017|0000000000|DEP.EFECTIVO|000|0004|$155,601.87|$0.00|$2,788,985.72|341460|
0004686365|18/06/2017|18/06/2017|0000000000|DEP.EFECTIVO|000|0004|$45,591.57|$0.00|$2,834,577.29|341461|
0004686365|18/06/2017|18/06/2017|0000000000|DEP.EFECTIVO|000|0004|$292,268.58|$0.00|$3,126,845.87|341462|
0004686365|18/06/2017|18/06/2017|0000000000|DEP.EFECTIVO|000|0004|$166,041.52|$0.00|$3,292,887.39|341463|
0004686365|18/06/2017|18/06/2017|0000000000|085901977920310873|003|5663|$33,972.16|$0.00|$3,326,859.55|341464|SPEI RECIBIDO DEL BANCO 0002 BANAMEX, DEL CLIENTE GAS METROPOLITANO SA DE CV, DE LA CLABE 002180020842869349   CON RFC GME540707CD1, CONCEPTO: DEP ELECT DEL DIA TRASP BTE CONCENTRADOR, REFERENCIA: 0012345 CVE RAST: 085901977920310873
0004686365|18/06/2017|19/06/2017|0000000000|DEP. REMOTO CH. SBC 0000192|006|4543|$5,565.87|$0.00|$3,332,425.42|341465|CHEQUE RECIBIDO SBC POR SERVICIO DE DEPOSITOS REMOTOS, BCO. 044 CTA. 00101407745 NO.CHEQUE 0000192, REFERENCIA: 000001917042017
0004686365|18/06/2017|19/06/2017|0000000000|DEP. REMOTO CH. SBC 0000554|006|4543|$2,350.24|$0.00|$3,334,775.66|341466|CHEQUE RECIBIDO SBC POR SERVICIO DE DEPOSITOS REMOTOS, BCO. 044 CTA. 00100749540 NO.CHEQUE 0000554, REFERENCIA: 000000317042017
0004686365|18/06/2017|19/06/2017|0000000000|DEP. REMOTO CH. SBC 0001202|006|4543|$992.50|$0.00|$3,335,768.16|341467|CHEQUE RECIBIDO SBC POR SERVICIO DE DEPOSITOS REMOTOS, BCO. 044 CTA. 00104089189 NO.CHEQUE 0001202, REFERENCIA: 000000717042017
0004686365|18/06/2017|19/06/2017|0000000000|DEP. REMOTO CH. SBC 0000274|006|4543|$600.00|$0.00|$3,336,368.16|341468|CHEQUE RECIBIDO SBC POR SERVICIO DE DEPOSITOS REMOTOS, BCO. 030 CTA. 07077370201 NO.CHEQUE 0000274, REFERENCIA: 000000717042017
0004686365|18/06/2017|19/06/2017|0000000000|DEP. REMOTO CH. SBC 0004812|006|4543|$1,000.00|$0.00|$3,337,368.16|341469|CHEQUE RECIBIDO SBC POR SERVICIO DE DEPOSITOS REMOTOS, BCO. 044 CTA. 00107255608 NO.CHEQUE 0004812, REFERENCIA: 000000717042017
0004686365|18/06/2017|19/06/2017|0000000000|DEP. REMOTO CH. SBC 0006474|006|4543|$365.00|$0.00|$3,337,733.16|341470|CHEQUE RECIBIDO SBC POR SERVICIO DE DEPOSITOS REMOTOS, BCO. 036 CTA. 50030972859 NO.CHEQUE 0006474, REFERENCIA: 000000317042017
0004686365|18/06/2017|19/06/2017|0000000000|DEP. REMOTO CH. SBC 0001678|006|4543|$1,170.00|$0.00|$3,338,903.16|341471|CHEQUE RECIBIDO SBC POR SERVICIO DE DEPOSITOS REMOTOS, BCO. 036 CTA. 50002466820 NO.CHEQUE 0001678, REFERENCIA: 000000317042017
0004686365|18/06/2017|19/06/2017|0000000000|DEP. REMOTO CH. SBC 0000027|006|4543|$500.00|$0.00|$3,339,403.16|341472|CHEQUE RECIBIDO SBC POR SERVICIO DE DEPOSITOS REMOTOS, BCO. 044 CTA. 00102072761 NO.CHEQUE 0000027, REFERENCIA: 000000317042017
0004686365|18/06/2017|19/06/2017|0000000000|DEP. REMOTO CH. SBC 0001123|006|4543|$1,000.00|$0.00|$3,340,403.16|341473|CHEQUE RECIBIDO SBC POR SERVICIO DE DEPOSITOS REMOTOS, BCO. 044 CTA. 00101069454 NO.CHEQUE 0001123, REFERENCIA: 000000317042017
0004686365|18/06/2017|19/06/2017|0000000000|DEP. REMOTO CH. SBC 0000296|006|4543|$1,741.50|$0.00|$3,342,144.66|341474|CHEQUE RECIBIDO SBC POR SERVICIO DE DEPOSITOS REMOTOS, BCO. 036 CTA. 50015797597 NO.CHEQUE 0000296, REFERENCIA: 000019817042017
0004686365|18/06/2017|19/06/2017|0000000000|DEP. REMOTO CH. SBC 0000080|006|4543|$3,550.00|$0.00|$3,345,694.66|341475|CHEQUE RECIBIDO SBC POR SERVICIO DE DEPOSITOS REMOTOS, BCO. 032 CTA. 00017541972 NO.CHEQUE 0000080, REFERENCIA: 000019817042017
0004686365|18/06/2017|19/06/2017|0000000000|DEP. REMOTO CH. SBC 0000266|006|4543|$1,483.00|$0.00|$3,347,177.66|341476|CHEQUE RECIBIDO SBC POR SERVICIO DE DEPOSITOS REMOTOS, BCO. 044 CTA. 00102190974 NO.CHEQUE 0000266, REFERENCIA: 000019817042017
0004686365|18/06/2017|19/06/2017|0000000000|DEP. REMOTO CH. SBC 0000395|006|4543|$1,758.00|$0.00|$3,348,935.66|341477|CHEQUE RECIBIDO SBC POR SERVICIO DE DEPOSITOS REMOTOS, BCO. 044 CTA. 00105175801 NO.CHEQUE 0000395, REFERENCIA: 000019817042017
0004686365|18/06/2017|19/06/2017|0000000000|DEP. REMOTO CH. SBC 0000393|006|4543|$1,847.00|$0.00|$3,350,782.66|341478|CHEQUE RECIBIDO SBC POR SERVICIO DE DEPOSITOS REMOTOS, BCO. 044 CTA. 00105175801 NO.CHEQUE 0000393, REFERENCIA: 000019817042017
0004686365|18/06/2017|19/06/2017|0000000000|DEP. REMOTO CH. SBC 0000391|006|4543|$1,900.50|$0.00|$3,352,683.16|341479|CHEQUE RECIBIDO SBC POR SERVICIO DE DEPOSITOS REMOTOS, BCO. 044 CTA. 00105175801 NO.CHEQUE 0000391, REFERENCIA: 000019817042017
0004686365|18/06/2017|19/06/2017|0000000000|DEP. REMOTO CH. SBC 0000394|006|4543|$1,993.00|$0.00|$3,354,676.16|341480|CHEQUE RECIBIDO SBC POR SERVICIO DE DEPOSITOS REMOTOS, BCO. 044 CTA. 00105175801 NO.CHEQUE 0000394, REFERENCIA: 000019817042017
0004686365|18/06/2017|19/06/2017|0000000000|DEP. REMOTO CH. SBC 0000392|006|4543|$2,025.00|$0.00|$3,356,701.16|341481|CHEQUE RECIBIDO SBC POR SERVICIO DE DEPOSITOS REMOTOS, BCO. 044 CTA. 00105175801 NO.CHEQUE 0000392, REFERENCIA: 000019817042017
0004686365|18/06/2017|19/06/2017|0000000000|DEP. REMOTO CH. SBC 2895893|006|4543|$9,500.40|$0.00|$3,366,201.56|341482|CHEQUE RECIBIDO SBC POR SERVICIO DE DEPOSITOS REMOTOS, BCO. 042 CTA. 01600208086 NO.CHEQUE 2895893, REFERENCIA: 000001917042017
0004686365|18/06/2017|19/06/2017|0000000000|DEP. REMOTO CH. SBC 0000280|006|4543|$1,000.00|$0.00|$3,367,201.56|341483|CHEQUE RECIBIDO SBC POR SERVICIO DE DEPOSITOS REMOTOS, BCO. 044 CTA. 00105383476 NO.CHEQUE 0000280, REFERENCIA: 000001917042017
0004686365|18/06/2017|18/06/2017|0000000000|DEPOSITO REMOTO CHQS.BANORTE|080|4543|$2,501.10|$0.00|$3,369,702.66|341484|TOTAL DE          1 CHEQUES BANORTE RECIBIDOS, POR SERVICIO DE DEPOSITOS REMOTOS., REFERENCIA: 000000717042017
0004686365|18/06/2017|18/06/2017|0000000000|DEPOSITO REMOTO CHQS.BANORTE|080|4543|$34,741.21|$0.00|$3,404,443.87|341485|TOTAL DE          4 CHEQUES BANORTE RECIBIDOS, POR SERVICIO DE DEPOSITOS REMOTOS., REFERENCIA: 000019817042017
0004686365|18/06/2017|18/06/2017|0000000000|DEPOSITO REMOTO CHQS.BANORTE|080|4543|$1,302.00|$0.00|$3,405,745.87|341486|TOTAL DE          1 CHEQUES BANORTE RECIBIDOS, POR SERVICIO DE DEPOSITOS REMOTOS., REFERENCIA: 000000317042017
0004686365|18/06/2017|18/06/2017|0000000000|REF. EXTRANJERO: 7020876-01|504|8846|$0.00|$2,957,600.00|$448,145.87|341487|COMPRA Y VENTA DE DOLARES, IVA: 00000000.00  AL R.F.C. GME540707CD1
0004686365|18/06/2017|18/06/2017|0000000000|Comision x Internet 180417|538|8846|$0.00|$3.00|$448,142.87|341488|Compra Venta de Divisas
0004686365|18/06/2017|18/06/2017|0000000000|IVA Com  x Internet 180417|517|8846|$0.00|$0.48|$448,142.39|341489|Compra Venta de Divisas
0004686365|18/06/2017|18/06/2017|0000000000|HSBC022229|003|5663|$42,488.58|$0.00|$490,630.97|341490|SPEI RECIBIDO DEL BANCO 0021 HSBC, DEL CLIENTE GAS METROPOLITANO  S A  DE C V, DE LA CLABE 021180040293499743   CON RFC GME540707CD1, CONCEPTO: TRASP DEL DIA HSBC A BNTE CONCENT, REFERENCIA: 1170418 CVE RAST: HSBC022229
0004686365|18/06/2017|18/06/2017|0000000000|2017041840014 TCT0000464937820|003|5663|$100,618.82|$0.00|$591,249.79|341491|SPEI RECIBIDO DEL BANCO 0014 SANTANDER, DEL CLIENTE GAS METROPOLITANO SA DE CV, DE LA CLABE 014180655015916550   CON RFC ND, CONCEPTO: TRASPASO DEL DIA SANTANDER A BANORTE, REFERENCIA: 0180417 CVE RAST: 2017041840014 TCT0000464937820
0004686365|18/06/2017|18/06/2017|0017042017|DEPOSITO DE CUENTA DE TERCEROS|263|8846|$4,284,017.14|$0.00|$4,875,266.93|341492|DE LA CUENTA 0641016659, PAGO FACTURAS VARIAS
0004686365|18/06/2017|18/06/2017|0000000000|REF. EXTRANJERO: 7022449-01|504|8846|$0.00|$4,542,300.00|$332,966.93|341493|COMPRA Y VENTA DE DOLARES, IVA: 00000000.00  AL R.F.C. GME540707CD1
0004686365|18/06/2017|18/06/2017|0000000000|Comision x Internet 180417|538|8846|$0.00|$3.00|$332,963.93|341494|Compra Venta de Divisas
0004686365|18/06/2017|18/06/2017|0000000000|IVA Com  x Internet 180417|517|8846|$0.00|$0.48|$332,963.45|341495|Compra Venta de Divisas
0004686365|18/06/2017|18/06/2017|0000000000|DEP.EFECTIVO|000|0004|$146,106.50|$0.00|$479,069.95|341496|
0004686365|18/06/2017|18/06/2017|0000000000|DEP.EFECTIVO|000|0004|$40,654.00|$0.00|$519,723.95|341497|
0004686365|19/06/2017|19/06/2017|0000000000|DEP.EFECTIVO|000|0013|$172,939.37|$0.00|$692,663.32|341498|
0004686365|19/06/2017|19/06/2017|0000000000|DEP.EFECTIVO|000|0013|$537,404.36|$0.00|$1,230,067.68|341499|
0004686365|19/06/2017|19/06/2017|0000000000|002601001704190000036319|003|5663|$98,502.27|$0.00|$1,328,569.95|341500|SPEI RECIBIDO DEL BANCO 0012 BBVA BANCOMER, DEL CLIENTE GAS METROPOLITANO SA DE CV, DE LA CLABE 012180001543555987   CON RFC GME540707CD1, CONCEPTO: TRASPASO BANCOMER A BANORTE CONCENTRADOR, REFERENCIA: 0180417 CVE RAST: 002601001704190000036319
0004686365|19/06/2017|19/06/2017|0000000000|002601001704190000040056|003|5663|$2,470,000.00|$0.00|$3,798,569.95|341501|SPEI RECIBIDO DEL BANCO 0012 BBVA BANCOMER, DEL CLIENTE GAS METROPOLITANO SA DE CV, DE LA CLABE 012180001100072777   CON RFC GME540707CD1, CONCEPTO: TRASPASO BANCOMER A BANORTE CONCENTRADOR, REFERENCIA: 0190417 CVE RAST: 002601001704190000040056
0004686365|19/06/2017|19/06/2017|0000000000|085900739960310976|003|5663|$31,697.35|$0.00|$3,830,267.30|341502|SPEI RECIBIDO DEL BANCO 0002 BANAMEX, DEL CLIENTE GAS METROPOLITANO SA DE CV, DE LA CLABE 002180020842869349   CON RFC GME540707CD1, CONCEPTO: DEP ELECT DEL DIA TRASP BTE CONCENTRADO, REFERENCIA: 0012345 CVE RAST: 085900739960310976
0004686365|19/06/2017|19/06/2017|0000000000|DEP.EFECTIVO|000|0004|$39,999.86|$0.00|$3,870,267.16|341503|
0004686365|19/06/2017|19/06/2017|0000000000|DEP.EFECTIVO|000|0004|$20,462.10|$0.00|$3,890,729.26|341504|
0004686365|19/06/2017|19/06/2017|0000000000|DEP.EFECTIVO|000|0004|$171,000.00|$0.00|$4,061,729.26|341505|
0004686365|19/06/2017|19/06/2017|0000000000|DEP.EFECTIVO|000|0004|$97,764.64|$0.00|$4,159,493.90|341506|
0004686365|19/06/2017|19/06/2017|0000000000|DEP.EFECTIVO|000|0004|$12,771.43|$0.00|$4,172,265.33|341507|
0004686365|19/06/2017|20/06/2017|0000000000|DEP. REMOTO CH. SBC 0000722|006|4543|$5,004.09|$0.00|$4,177,269.42|341508|CHEQUE RECIBIDO SBC POR SERVICIO DE DEPOSITOS REMOTOS, BCO. 044 CTA. 00107044811 NO.CHEQUE 0000722, REFERENCIA: 000001918042017
0004686365|19/06/2017|20/06/2017|0000000000|DEP. REMOTO CH. SBC 0002191|006|4543|$6,496.86|$0.00|$4,183,766.28|341509|CHEQUE RECIBIDO SBC POR SERVICIO DE DEPOSITOS REMOTOS, BCO. 044 CTA. 00102993244 NO.CHEQUE 0002191, REFERENCIA: 000019818042017
0004686365|19/06/2017|20/06/2017|0000000000|DEP. REMOTO CH. SBC 0000096|006|4543|$1,000.00|$0.00|$4,184,766.28|341510|CHEQUE RECIBIDO SBC POR SERVICIO DE DEPOSITOS REMOTOS, BCO. 143 CTA. 00001181130 NO.CHEQUE 0000096, REFERENCIA: 000019818042017
0004686365|19/06/2017|20/06/2017|0000000000|DEP. REMOTO CH. SBC 0001978|006|4543|$500.00|$0.00|$4,185,266.28|341511|CHEQUE RECIBIDO SBC POR SERVICIO DE DEPOSITOS REMOTOS, BCO. 044 CTA. 00106228011 NO.CHEQUE 0001978, REFERENCIA: 000000718042017
0004686365|19/06/2017|20/06/2017|0000000000|DEP. REMOTO CH. SBC 0000097|006|4543|$500.00|$0.00|$4,185,766.28|341512|CHEQUE RECIBIDO SBC POR SERVICIO DE DEPOSITOS REMOTOS, BCO. 030 CTA. 90000268081 NO.CHEQUE 0000097, REFERENCIA: 000000718042017
0004686365|19/06/2017|20/06/2017|0000000000|DEP. REMOTO CH. SBC 0001293|006|4543|$1,500.00|$0.00|$4,187,266.28|341513|CHEQUE RECIBIDO SBC POR SERVICIO DE DEPOSITOS REMOTOS, BCO. 036 CTA. 50011963308 NO.CHEQUE 0001293, REFERENCIA: 000000718042017
0004686365|19/06/2017|20/06/2017|0000000000|DEP. REMOTO CH. SBC 0000098|006|4543|$1,183.00|$0.00|$4,188,449.28|341514|CHEQUE RECIBIDO SBC POR SERVICIO DE DEPOSITOS REMOTOS, BCO. 127 CTA. 00109566082 NO.CHEQUE 0000098, REFERENCIA: 000000318042017
0004686365|19/06/2017|20/06/2017|0000000000|DEP. REMOTO CH. SBC 0004953|006|4543|$1,865.90|$0.00|$4,190,315.18|341515|CHEQUE RECIBIDO SBC POR SERVICIO DE DEPOSITOS REMOTOS, BCO. 044 CTA. 00107013019 NO.CHEQUE 0004953, REFERENCIA: 000000318042017
0004686365|19/06/2017|20/06/2017|0000000000|DEP. REMOTO CH. SBC 0000784|006|4543|$3,000.00|$0.00|$4,193,315.18|341516|CHEQUE RECIBIDO SBC POR SERVICIO DE DEPOSITOS REMOTOS, BCO. 036 CTA. 40128638981 NO.CHEQUE 0000784, REFERENCIA: 000000318042017
0004686365|19/06/2017|20/06/2017|0000000000|DEP. REMOTO CH. SBC 0000168|006|4543|$794.00|$0.00|$4,194,109.18|341517|CHEQUE RECIBIDO SBC POR SERVICIO DE DEPOSITOS REMOTOS, BCO. 044 CTA. 00103132537 NO.CHEQUE 0000168, REFERENCIA: 000001918042017
0004686365|19/06/2017|19/06/2017|0000000000|DEPOSITO REMOTO CHQS.BANORTE|080|4543|$6,588.96|$0.00|$4,200,698.14|341518|TOTAL DE          3 CHEQUES BANORTE RECIBIDOS, POR SERVICIO DE DEPOSITOS REMOTOS., REFERENCIA: 000019818042017
0004686365|19/06/2017|19/06/2017|0000000000|DEPOSITO REMOTO CHQS.BANORTE|080|4543|$10,040.00|$0.00|$4,210,738.14|341519|TOTAL DE          6 CHEQUES BANORTE RECIBIDOS, POR SERVICIO DE DEPOSITOS REMOTOS., REFERENCIA: 000000318042017
0004686365|19/06/2017|19/06/2017|0000000000|DEPOSITO REMOTO CHQS.BANORTE|080|4543|$6,423.46|$0.00|$4,217,161.60|341520|TOTAL DE          1 CHEQUES BANORTE RECIBIDOS, POR SERVICIO DE DEPOSITOS REMOTOS., REFERENCIA: 000000718042017
0004686365|19/06/2017|19/06/2017|0000000000|DEPOSITO REMOTO CHQS.BANORTE|080|4543|$5,354.50|$0.00|$4,222,516.10|341521|TOTAL DE          1 CHEQUES BANORTE RECIBIDOS, POR SERVICIO DE DEPOSITOS REMOTOS., REFERENCIA: 000000718042017
0004686365|19/06/2017|19/06/2017|0000000000|DEPOSITO REMOTO CHQS.BANORTE|080|4543|$6,300.00|$0.00|$4,228,816.10|341522|TOTAL DE          3 CHEQUES BANORTE RECIBIDOS, POR SERVICIO DE DEPOSITOS REMOTOS., REFERENCIA: 000000318042017
0004686365|19/06/2017|19/06/2017|0000000000|DEPOSITO REMOTO CHQS.BANORTE|080|4543|$801.94|$0.00|$4,229,618.04|341523|TOTAL DE          1 CHEQUES BANORTE RECIBIDOS, POR SERVICIO DE DEPOSITOS REMOTOS., REFERENCIA: 000001918042017
0004686365|19/06/2017|19/06/2017|0000000000|HSBC015393|003|5663|$15,886.54|$0.00|$4,245,504.58|341524|SPEI RECIBIDO DEL BANCO 0021 HSBC, DEL CLIENTE GAS METROPOLITANO  S A  DE C V, DE LA CLABE 021180040293499743   CON RFC GME540707CD1, CONCEPTO: TRASP DEL DIA HSBC A BNTE CONCENT, REFERENCIA: 1170419 CVE RAST: HSBC015393
0004686365|19/06/2017|19/06/2017|0000000000|2017041940014 TCT0000467689410|003|5663|$31,432.82|$0.00|$4,276,937.40|341525|SPEI RECIBIDO DEL BANCO 0014 SANTANDER, DEL CLIENTE GAS METROPOLITANO SA DE CV, DE LA CLABE 014180655015916550   CON RFC ND, CONCEPTO: TRASPASO DEL DIA SANTANDER A BANORTE, REFERENCIA: 0190417 CVE RAST: 2017041940014 TCT0000467689410
0004686365|19/06/2017|19/06/2017|0000000000|INVERSION MDD|591|8100|$0.00|$4,200,000.00|$76,937.40|341526|CTO 0098937331 19/04
0004686365|20/06/2017|20/06/2017|0000000000|VENC. CAP. MDD|092|8100|$4,200,000.00|$0.00|$4,276,937.40|341527|CONTRATO 0098937331 FOLIO 37270664 20/04
0004686365|20/06/2017|20/06/2017|0000000000|INTERES MDD|093|8100|$525.00|$0.00|$4,277,462.40|341528|CONTRATO 0098937331 FOLIO 37270664 20/04
0004686365|20/06/2017|20/06/2017|0000000000|Impuesto Sobre la Renta|592|8100|$0.00|$66.74|$4,277,395.66|341529|CONTRATO 0098937331 FOLIO 37270664 20/04
0004686365|20/06/2017|20/06/2017|0000000000|DEP.EFECTIVO|000|0004|$44,191.73|$0.00|$4,321,587.39|341530|
0004686365|20/06/2017|20/06/2017|0000000000|DEP.EFECTIVO|000|0004|$42,356.54|$0.00|$4,363,943.93|341531|
0004686365|20/06/2017|20/06/2017|0000000000|DEP.EFECTIVO|000|0013|$181,413.81|$0.00|$4,545,357.74|341532|
0004686365|20/06/2017|20/06/2017|0000000000|DEP.EFECTIVO|000|0013|$320,810.61|$0.00|$4,866,168.35|341533|
0004686365|20/06/2017|20/06/2017|0000000000|DEP.EFECTIVO|000|0013|$25,077.84|$0.00|$4,891,246.19|341534|
0004686365|20/06/2017|20/06/2017|0000000000|DEP.EFECTIVO|000|0004|$131,000.00|$0.00|$5,022,246.19|341535|
0004686365|20/06/2017|20/06/2017|0000000000|002601001704200000025645|003|5663|$60,810.02|$0.00|$5,083,056.21|341536|SPEI RECIBIDO DEL BANCO 0012 BBVA BANCOMER, DEL CLIENTE GAS METROPOLITANO SA DE CV, DE LA CLABE 012180001543555987   CON RFC GME540707CD1, CONCEPTO: TRASPASO BANCOMER A BANORTE CONCENTRADOR, REFERENCIA: 0190417 CVE RAST: 002601001704200000025645
0004686365|20/06/2017|20/06/2017|0000000000|DEP.EFECTIVO|000|0004|$218,382.49|$0.00|$5,301,438.70|341537|
0004686365|20/06/2017|20/06/2017|0000000000|DEP.EFECTIVO|000|0684|$269,692.77|$0.00|$5,571,131.47|341538|
0004686365|20/06/2017|20/06/2017|0000000000|DEP.EFECTIVO|000|0004|$33,273.40|$0.00|$5,604,404.87|341539|
0004686365|20/06/2017|20/06/2017|0000000000|DEP.EFECTIVO|000|0684|$312,657.88|$0.00|$5,917,062.75|341540|
0004686365|20/06/2017|20/06/2017|0000000000|DEP.EFECTIVO|000|0684|$11,530.42|$0.00|$5,928,593.17|341541|
0004686365|20/06/2017|21/06/2017|0000000000|DEP. REMOTO CH. SBC 0000139|006|4543|$25,986.87|$0.00|$5,954,580.04|341542|CHEQUE RECIBIDO SBC POR SERVICIO DE DEPOSITOS REMOTOS, BCO. 030 CTA. 90000962691 NO.CHEQUE 0000139, REFERENCIA: 000000719042017
0004686365|20/06/2017|21/06/2017|0000000000|DEP. REMOTO CH. SBC 0003165|006|4543|$1,103.66|$0.00|$5,955,683.70|341543|CHEQUE RECIBIDO SBC POR SERVICIO DE DEPOSITOS REMOTOS, BCO. 044 CTA. 00102497077 NO.CHEQUE 0003165, REFERENCIA: 000000319042017
0004686365|20/06/2017|21/06/2017|0000000000|DEP. REMOTO CH. SBC 0003220|006|4543|$1,500.66|$0.00|$5,957,184.36|341544|CHEQUE RECIBIDO SBC POR SERVICIO DE DEPOSITOS REMOTOS, BCO. 044 CTA. 00107009747 NO.CHEQUE 0003220, REFERENCIA: 000000719042017
0004686365|20/06/2017|21/06/2017|0000000000|DEP. REMOTO CH. SBC 0017353|006|4543|$2,548.74|$0.00|$5,959,733.10|341545|CHEQUE RECIBIDO SBC POR SERVICIO DE DEPOSITOS REMOTOS, BCO. 044 CTA. 00103868346 NO.CHEQUE 0017353, REFERENCIA: 000000319042017
0004686365|20/06/2017|21/06/2017|0000000000|DEP. REMOTO CH. SBC 0001122|006|4543|$2,524.92|$0.00|$5,962,258.02|341546|CHEQUE RECIBIDO SBC POR SERVICIO DE DEPOSITOS REMOTOS, BCO. 036 CTA. 50024961515 NO.CHEQUE 0001122, REFERENCIA: 000000319042017
0004686365|20/06/2017|21/06/2017|0000000000|DEP. REMOTO CH. SBC 0000239|006|4543|$1,404.00|$0.00|$5,963,662.02|341547|CHEQUE RECIBIDO SBC POR SERVICIO DE DEPOSITOS REMOTOS, BCO. 044 CTA. 00102084911 NO.CHEQUE 0000239, REFERENCIA: 000019819042017
0004686365|20/06/2017|21/06/2017|0000000000|DEP. REMOTO CH. SBC 0000009|006|4543|$2,000.00|$0.00|$5,965,662.02|341548|CHEQUE RECIBIDO SBC POR SERVICIO DE DEPOSITOS REMOTOS, BCO. 044 CTA. 00101799018 NO.CHEQUE 0000009, REFERENCIA: 000019819042017
0004686365|20/06/2017|21/06/2017|0000000000|DEP. REMOTO CH. SBC 0014751|006|4543|$3,000.00|$0.00|$5,968,662.02|341549|CHEQUE RECIBIDO SBC POR SERVICIO DE DEPOSITOS REMOTOS, BCO. 044 CTA. 00103420191 NO.CHEQUE 0014751, REFERENCIA: 000019819042017
0004686365|20/06/2017|21/06/2017|0000000000|DEP. REMOTO CH. SBC 0002684|006|4543|$1,500.00|$0.00|$5,970,162.02|341550|CHEQUE RECIBIDO SBC POR SERVICIO DE DEPOSITOS REMOTOS, BCO. 044 CTA. 00101543970 NO.CHEQUE 0002684, REFERENCIA: 000000319042017
0004686365|20/06/2017|21/06/2017|0000000000|DEP. REMOTO CH. SBC 0000519|006|4543|$300.00|$0.00|$5,970,462.02|341551|CHEQUE RECIBIDO SBC POR SERVICIO DE DEPOSITOS REMOTOS, BCO. 036 CTA. 50025784931 NO.CHEQUE 0000519, REFERENCIA: 000000319042017
0004686365|20/06/2017|21/06/2017|0000000000|DEP. REMOTO CH. SBC 0002163|006|4543|$850.00|$0.00|$5,971,312.02|341552|CHEQUE RECIBIDO SBC POR SERVICIO DE DEPOSITOS REMOTOS, BCO. 036 CTA. 12014250016 NO.CHEQUE 0002163, REFERENCIA: 000000319042017
0004686365|20/06/2017|21/06/2017|0000000000|DEP. REMOTO CH. SBC 0000409|006|4543|$1,191.00|$0.00|$5,972,503.02|341553|CHEQUE RECIBIDO SBC POR SERVICIO DE DEPOSITOS REMOTOS, BCO. 036 CTA. 40123833513 NO.CHEQUE 0000409, REFERENCIA: 000000319042017
0004686365|20/06/2017|21/06/2017|0000000000|DEP. REMOTO CH. SBC 0001833|006|4543|$1,215.00|$0.00|$5,973,718.02|341554|CHEQUE RECIBIDO SBC POR SERVICIO DE DEPOSITOS REMOTOS, BCO. 044 CTA. 00106195660 NO.CHEQUE 0001833, REFERENCIA: 000000719042017
0004686365|20/06/2017|21/06/2017|0000000000|DEP. REMOTO CH. SBC 0003542|006|4543|$1,500.00|$0.00|$5,975,218.02|341555|CHEQUE RECIBIDO SBC POR SERVICIO DE DEPOSITOS REMOTOS, BCO. 044 CTA. 00104776623 NO.CHEQUE 0003542, REFERENCIA: 000000719042017
0004686365|20/06/2017|21/06/2017|0000000000|DEP. REMOTO CH. SBC 0000267|006|4543|$2,000.00|$0.00|$5,977,218.02|341556|CHEQUE RECIBIDO SBC POR SERVICIO DE DEPOSITOS REMOTOS, BCO. 044 CTA. 00105568928 NO.CHEQUE 0000267, REFERENCIA: 000000719042017
0004686365|20/06/2017|21/06/2017|0000000000|DEP. REMOTO CH. SBC 0000558|006|4543|$1,200.00|$0.00|$5,978,418.02|341557|CHEQUE RECIBIDO SBC POR SERVICIO DE DEPOSITOS REMOTOS, BCO. 132 CTA. 00000289787 NO.CHEQUE 0000558, REFERENCIA: 000001919042017
0004686365|20/06/2017|20/06/2017|0000000000|DEPOSITO REMOTO CHQS.BANORTE|080|4543|$1,000.00|$0.00|$5,979,418.02|341558|TOTAL DE          1 CHEQUES BANORTE RECIBIDOS, POR SERVICIO DE DEPOSITOS REMOTOS., REFERENCIA: 000000319042017
0004686365|20/06/2017|20/06/2017|0000000000|DEPOSITO REMOTO CHQS.BANORTE|080|4543|$1,302.00|$0.00|$5,980,720.02|341559|TOTAL DE          2 CHEQUES BANORTE RECIBIDOS, POR SERVICIO DE DEPOSITOS REMOTOS., REFERENCIA: 000019819042017
0004686365|20/06/2017|20/06/2017|0000000000|DEPOSITO REMOTO CHQS.BANORTE|080|4543|$3,276.00|$0.00|$5,983,996.02|341560|TOTAL DE          1 CHEQUES BANORTE RECIBIDOS, POR SERVICIO DE DEPOSITOS REMOTOS., REFERENCIA: 000019819042017
0004686365|20/06/2017|20/06/2017|0000000000|DEPOSITO REMOTO CHQS.BANORTE|080|4543|$7,127.10|$0.00|$5,991,123.12|341561|TOTAL DE          4 CHEQUES BANORTE RECIBIDOS, POR SERVICIO DE DEPOSITOS REMOTOS., REFERENCIA: 000000719042017
0004686365|20/06/2017|20/06/2017|0000000000|DEPOSITO REMOTO CHQS.BANORTE|080|4543|$3,771.50|$0.00|$5,994,894.62|341562|TOTAL DE          1 CHEQUES BANORTE RECIBIDOS, POR SERVICIO DE DEPOSITOS REMOTOS., REFERENCIA: 000001919042017
0004686365|20/06/2017|20/06/2017|0000000000|DEPOSITO REMOTO CHQS.BANORTE|080|4543|$7,111.80|$0.00|$6,002,006.42|341563|TOTAL DE          2 CHEQUES BANORTE RECIBIDOS, POR SERVICIO DE DEPOSITOS REMOTOS., REFERENCIA: 000001919042017
0004686365|20/06/2017|20/06/2017|0000000000|DEPOSITO REMOTO CHQS.BANORTE|080|4543|$1,500.00|$0.00|$6,003,506.42|341564|TOTAL DE          1 CHEQUES BANORTE RECIBIDOS, POR SERVICIO DE DEPOSITOS REMOTOS., REFERENCIA: 000019819042017
0004686365|20/06/2017|20/06/2017|0000000000|DEPOSITO REMOTO CHQS.BANORTE|080|4543|$794.00|$0.00|$6,004,300.42|341565|TOTAL DE          1 CHEQUES BANORTE RECIBIDOS, POR SERVICIO DE DEPOSITOS REMOTOS., REFERENCIA: 000000319042017
0004686365|20/06/2017|20/06/2017|0000000000|085901148530311070|003|5663|$45,266.99|$0.00|$6,049,567.41|341566|SPEI RECIBIDO DEL BANCO 0002 BANAMEX, DEL CLIENTE GAS METROPOLITANO SA DE CV, DE LA CLABE 002180020842869349   CON RFC GME540707CD1, CONCEPTO: DEP ELECT DEL DIA TRASP BTE, REFERENCIA: 0012345 CVE RAST: 085901148530311070
0004686365|20/06/2017|20/06/2017|0000000000|2017042040014 TCT0000471051830|003|5663|$105,566.49|$0.00|$6,155,133.90|341567|SPEI RECIBIDO DEL BANCO 0014 SANTANDER, DEL CLIENTE GAS METROPOLITANO SA DE CV, DE LA CLABE 014180655015916550   CON RFC ND, CONCEPTO: TRASPASO DEL DIA SANTANDER A BANORTE, REFERENCIA: 0200417 CVE RAST: 2017042040014 TCT0000471051830
0004686365|20/06/2017|20/06/2017|0000200417|TRASPASO A CUENTA PROPIA|790|8846|$0.00|$500,000.00|$5,655,133.90|341568|IVA:00000000.00    , A LA CUENTA 0559478361, TRASPASO PRESUPUESTO PROVEEDOR AL R.F.C. GME540707CD1
0004686365|20/06/2017|20/06/2017|0000200417|DEPOSITO DE CUENTA PROPIA|262|8846|$530,000.00|$0.00|$6,185,133.90|341569|DE LA CUENTA 0662334059, TRASPASO EST CARB A CONCENTRAD
0004686365|20/06/2017|20/06/2017|0000200417|DEPOSITO DE CUENTA PROPIA|262|8846|$180,000.00|$0.00|$6,365,133.90|341570|DE LA CUENTA 0526140549, TRASPASO REF A CONCENTRADORA
0004686365|20/06/2017|20/06/2017|0000200417|DEPOSITO DE CUENTA PROPIA|262|8846|$1,770,000.00|$0.00|$8,135,133.90|341571|DE LA CUENTA 0515492550, TRASPASO TPV A CONCENTRADORA
0004686365|20/06/2017|20/06/2017|0000000000|REF. EXTRANJERO: 7042249-01|504|8846|$0.00|$7,532,000.00|$603,133.90|341572|COMPRA Y VENTA DE DOLARES, IVA: 00000000.00  AL R.F.C. GME540707CD1
0004686365|20/06/2017|20/06/2017|0000000000|Comision x Internet 200417|538|8846|$0.00|$3.00|$603,130.90|341573|Compra Venta de Divisas
0004686365|20/06/2017|20/06/2017|0000000000|IVA Com  x Internet 200417|517|8846|$0.00|$0.48|$603,130.42|341574|Compra Venta de Divisas
0004686365|20/06/2017|20/06/2017|0000000000|HSBC035224|003|5663|$42,779.76|$0.00|$645,910.18|341575|SPEI RECIBIDO DEL BANCO 0021 HSBC, DEL CLIENTE GAS METROPOLITANO  S A  DE C V, DE LA CLABE 021180040293499743   CON RFC GME540707CD1, CONCEPTO: TRASP DEL DIA HSBC A BNTE CONCENT, REFERENCIA: 1170420 CVE RAST: HSBC035224
0004686365|20/06/2017|20/06/2017|0000000000|DEP.EFECTIVO|000|2338|$1,000.00|$0.00|$646,910.18|341576|
0004686365|20/06/2017|20/06/2017|0000000000|2017042040014 TCT0000471567470|003|5663|$960,000.00|$0.00|$1,606,910.18|341577|SPEI RECIBIDO DEL BANCO 0014 SANTANDER, DEL CLIENTE GAS METROPOLITANO SA DE CV, DE LA CLABE 014180655015916550   CON RFC ND, CONCEPTO: TRASPASO SANTANDER CLIENTES A BANORTE, REFERENCIA: 0200417 CVE RAST: 2017042040014 TCT0000471567470
0004686365|20/06/2017|20/06/2017|0000000000|DEP.EFECTIVO|000|2067|$11,343.51|$0.00|$1,618,253.69|341578|
0004686365|20/06/2017|20/06/2017|0020042017|TRASPASO A CUENTA PROPIA|790|8846|$0.00|$1,006,000.00|$612,253.69|341579|IVA:00000000.00    , A LA CUENTA 0559478361, TRASPASO PRESUPUESTO NOMINA AL R.F.C. GME540707CD1
0004686365|20/06/2017|20/06/2017|0000200417|TRASPASO A CUENTA PROPIA|790|8846|$0.00|$550,000.00|$62,253.69|341580|IVA:00000000.00    , A LA CUENTA 0559478361, TRASPASO PRESUPUESTO PROVEEDOR AL R.F.C. GME540707CD1
0004686365|21/06/2017|21/06/2017|0000000000|DEP.EFECTIVO|000|0004|$33,729.98|$0.00|$95,983.67|341581|
0004686365|21/06/2017|21/06/2017|0000000000|DEP.EFECTIVO|000|0684|$734,732.57|$0.00|$830,716.24|341582|
0004686365|21/06/2017|21/06/2017|0000000000|DEP.EFECTIVO|000|0004|$12,133.10|$0.00|$842,849.34|341583|
0004686365|21/06/2017|21/06/2017|0000000000|DEP.EFECTIVO|000|0004|$23,480.30|$0.00|$866,329.64|341584|
0004686365|21/06/2017|21/06/2017|0000000000|085900824890311170|003|5663|$172,196.63|$0.00|$1,038,526.27|341585|SPEI RECIBIDO DEL BANCO 0002 BANAMEX, DEL CLIENTE GAS METROPOLITANO SA DE CV, DE LA CLABE 002180020842869349   CON RFC GME540707CD1, CONCEPTO: DEP ELECT DEL DIA TRASP BTE, REFERENCIA: 0210417 CVE RAST: 085900824890311170
0004686365|21/06/2017|21/06/2017|0000000000|DEP.EFECTIVO|000|0004|$31,914.46|$0.00|$1,070,440.73|341586|
0004686365|21/06/2017|21/06/2017|0000000000|002601001704210000029603|003|5663|$65,565.19|$0.00|$1,136,005.92|341587|SPEI RECIBIDO DEL BANCO 0012 BBVA BANCOMER, DEL CLIENTE GAS METROPOLITANO SA DE CV, DE LA CLABE 012180001543555987   CON RFC GME540707CD1, CONCEPTO: TRASPASO BANCOMER A BANORTE CONCENTRADOR, REFERENCIA: 0200417 CVE RAST: 002601001704210000029603
0004686365|21/06/2017|21/06/2017|0000000000|DEP.EFECTIVO|000|0004|$134,000.00|$0.00|$1,270,005.92|341588|
0004686365|21/06/2017|21/06/2017|0000000000|DEP.EFECTIVO|000|0004|$166,021.79|$0.00|$1,436,027.71|341589|
0004686365|21/06/2017|21/06/2017|0000000000|DEP.EFECTIVO|000|0004|$12,061.00|$0.00|$1,448,088.71|341590|
0004686365|21/06/2017|21/06/2017|0000000000|DEP.EFECTIVO|000|0004|$251,566.70|$0.00|$1,699,655.41|341591|
0004686365|21/06/2017|21/06/2017|0000000000|DEP.EFECTIVO|000|0004|$113,000.00|$0.00|$1,812,655.41|341592|
0004686365|21/06/2017|21/06/2017|0000210417|TRASPASO A CUENTA PROPIA|790|8846|$0.00|$495,851.10|$1,316,804.31|341593|IVA:00000000.00    , A LA CUENTA 0089348641, TRASPASO PAGO PEMEX AL R.F.C. GME540707CD1
0004686365|21/06/2017|24/06/2017|0000000000|DEP. REMOTO CH. SBC 0002854|006|4543|$2,276.79|$0.00|$1,319,081.10|341594|CHEQUE RECIBIDO SBC POR SERVICIO DE DEPOSITOS REMOTOS, BCO. 058 CTA. 00000102638 NO.CHEQUE 0002854, REFERENCIA: 000000720042017
0004686365|21/06/2017|24/06/2017|0000000000|DEP. REMOTO CH. SBC 0005278|006|4543|$17,698.59|$0.00|$1,336,779.69|341595|CHEQUE RECIBIDO SBC POR SERVICIO DE DEPOSITOS REMOTOS, BCO. 044 CTA. 00100873152 NO.CHEQUE 0005278, REFERENCIA: 000000720042017
0004686365|21/06/2017|24/06/2017|0000000000|DEP. REMOTO CH. SBC 0000053|006|4543|$1,286.28|$0.00|$1,338,065.97|341596|CHEQUE RECIBIDO SBC POR SERVICIO DE DEPOSITOS REMOTOS, BCO. 044 CTA. 00100888226 NO.CHEQUE 0000053, REFERENCIA: 000000320042017
0004686365|21/06/2017|24/06/2017|0000000000|DEP. REMOTO CH. SBC 0001180|006|4543|$25,360.36|$0.00|$1,363,426.33|341597|CHEQUE RECIBIDO SBC POR SERVICIO DE DEPOSITOS REMOTOS, BCO. 044 CTA. 00104036653 NO.CHEQUE 0001180, REFERENCIA: 000000720042017
0004686365|21/06/2017|24/06/2017|0000000000|DEP. REMOTO CH. SBC 0002561|006|4543|$3,005.73|$0.00|$1,366,432.06|341598|CHEQUE RECIBIDO SBC POR SERVICIO DE DEPOSITOS REMOTOS, BCO. 044 CTA. 00100671312 NO.CHEQUE 0002561, REFERENCIA: 000000720042017
0004686365|21/06/2017|24/06/2017|0000000000|DEP. REMOTO CH. SBC 0000437|006|4543|$857.52|$0.00|$1,367,289.58|341599|CHEQUE RECIBIDO SBC POR SERVICIO DE DEPOSITOS REMOTOS, BCO. 030 CTA. 19052310101 NO.CHEQUE 0000437, REFERENCIA: 000000720042017
0004686365|21/06/2017|24/06/2017|0000000000|DEP. REMOTO CH. SBC 0004576|006|4543|$3,513.51|$0.00|$1,370,803.09|341600|CHEQUE RECIBIDO SBC POR SERVICIO DE DEPOSITOS REMOTOS, BCO. 044 CTA. 00100873411 NO.CHEQUE 0004576, REFERENCIA: 000000720042017
0004686365|21/06/2017|24/06/2017|0000000000|DEP. REMOTO CH. SBC 0000414|006|4543|$5,088.00|$0.00|$1,375,891.09|341601|CHEQUE RECIBIDO SBC POR SERVICIO DE DEPOSITOS REMOTOS, BCO. 030 CTA. 90000936157 NO.CHEQUE 0000414, REFERENCIA: 000000720042017
0004686365|21/06/2017|24/06/2017|0000000000|DEP. REMOTO CH. SBC 0000306|006|4543|$8,988.00|$0.00|$1,384,879.09|341602|CHEQUE RECIBIDO SBC POR SERVICIO DE DEPOSITOS REMOTOS, BCO. 030 CTA. 90000927535 NO.CHEQUE 0000306, REFERENCIA: 000000720042017
0004686365|21/06/2017|24/06/2017|0000000000|DEP. REMOTO CH. SBC 0000415|006|4543|$20,475.00|$0.00|$1,405,354.09|341603|CHEQUE RECIBIDO SBC POR SERVICIO DE DEPOSITOS REMOTOS, BCO. 030 CTA. 90000936157 NO.CHEQUE 0000415, REFERENCIA: 000000720042017
0004686365|21/06/2017|24/06/2017|0000000000|DEP. REMOTO CH. SBC 0005166|006|4543|$2,000.70|$0.00|$1,407,354.79|341604|CHEQUE RECIBIDO SBC POR SERVICIO DE DEPOSITOS REMOTOS, BCO. 044 CTA. 00100873020 NO.CHEQUE 0005166, REFERENCIA: 000000720042017
0004686365|21/06/2017|24/06/2017|0000000000|DEP. REMOTO CH. SBC 0000852|006|4543|$2,211.30|$0.00|$1,409,566.09|341605|CHEQUE RECIBIDO SBC POR SERVICIO DE DEPOSITOS REMOTOS, BCO. 044 CTA. 00102027902 NO.CHEQUE 0000852, REFERENCIA: 000000720042017
0004686365|21/06/2017|21/06/2017|0000000000|DEPOSITO REMOTO CHQS.BANORTE|080|4543|$3,312.40|$0.00|$1,412,878.49|341606|TOTAL DE          2 CHEQUES BANORTE RECIBIDOS, POR SERVICIO DE DEPOSITOS REMOTOS., REFERENCIA: 000000720042017
0004686365|21/06/2017|21/06/2017|0000000000|DEPOSITO REMOTO CHQS.BANORTE|080|4543|$7,143.84|$0.00|$1,420,022.33|341607|TOTAL DE          4 CHEQUES BANORTE RECIBIDOS, POR SERVICIO DE DEPOSITOS REMOTOS., REFERENCIA: 000000320042017
0004686365|21/06/2017|21/06/2017|0000000000|DEPOSITO REMOTO CHQS.BANORTE|080|4543|$9,998.88|$0.00|$1,430,021.21|341608|TOTAL DE          2 CHEQUES BANORTE RECIBIDOS, POR SERVICIO DE DEPOSITOS REMOTOS., REFERENCIA: 000019820042017
0004686365|21/06/2017|21/06/2017|0000000000|DEPOSITO REMOTO CHQS.BANORTE|080|4543|$2,501.10|$0.00|$1,432,522.31|341609|TOTAL DE          1 CHEQUES BANORTE RECIBIDOS, POR SERVICIO DE DEPOSITOS REMOTOS., REFERENCIA: 000000320042017
0004686365|21/06/2017|21/06/2017|0000000000|DEPOSITO REMOTO CHQS.BANORTE|080|4543|$6,248.97|$0.00|$1,438,771.28|341610|TOTAL DE          1 CHEQUES BANORTE RECIBIDOS, POR SERVICIO DE DEPOSITOS REMOTOS., REFERENCIA: 000000720042017
0004686365|21/06/2017|21/06/2017|0000000000|HSBC034636|003|5663|$30,123.12|$0.00|$1,468,894.40|341611|SPEI RECIBIDO DEL BANCO 0021 HSBC, DEL CLIENTE GAS METROPOLITANO  S A  DE C V, DE LA CLABE 021180040293499743   CON RFC GME540707CD1, CONCEPTO: TRASP DEL DIA HSBC A BNTE CONCENT, REFERENCIA: 1170421 CVE RAST: HSBC034636
0004686365|21/06/2017|21/06/2017|0000000000|DEP.EFECTIVO|000|0004|$36,848.70|$0.00|$1,505,743.10|341612|
0004686365|21/06/2017|21/06/2017|0000000000|DEP.EFECTIVO|000|0004|$56,851.02|$0.00|$1,562,594.12|341613|
0004686365|21/06/2017|21/06/2017|0000000000|2017042140014 TCT0000475475550|003|5663|$26,223.23|$0.00|$1,588,817.35|341614|SPEI RECIBIDO DEL BANCO 0014 SANTANDER, DEL CLIENTE GAS METROPOLITANO SA DE CV, DE LA CLABE 014180655015916550   CON RFC ND, CONCEPTO: TRASPASO DEL DIA SANTANDER A BANORTE, REFERENCIA: 0210417 CVE RAST: 2017042140014 TCT0000475475550
0004686365|21/06/2017|21/06/2017|0000000000|DEP.EFECTIVO|000|0004|$300,000.00|$0.00|$1,888,817.35|341615|
0004686365|21/06/2017|21/06/2017|0000000000|DEP.EFECTIVO|000|0004|$240,000.00|$0.00|$2,128,817.35|341616|
0004686365|21/06/2017|21/06/2017|0000000000|DEP.EFECTIVO|000|0004|$160,000.00|$0.00|$2,288,817.35|341617|
0004686365|21/06/2017|21/06/2017|0000000000|DEP.EFECTIVO|000|0004|$250,000.00|$0.00|$2,538,817.35|341618|
0004686365|21/06/2017|21/06/2017|0000000000|DEP.EFECTIVO|000|0004|$150,000.00|$0.00|$2,688,817.35|341619|
0004686365|21/06/2017|21/06/2017|0000000000|DEP.EFECTIVO|000|0004|$9,973.20|$0.00|$2,698,790.55|341620|
0004686365|21/06/2017|21/06/2017|0000210417|TRASPASO A CUENTA PROPIA|790|8846|$0.00|$1,000,000.00|$1,698,790.55|341621|IVA:00000000.00    , A LA CUENTA 0559478361, TRASPASO PRESUPUESTO PROVEEDOR AL R.F.C. GME540707CD1
0004686365|21/06/2017|21/06/2017|0000210417|TRASPASO DE CTA :   0559478361|004|4264|$24,420.00|$0.00|$1,723,210.55|341622|DE CUENTA  0559478361, TERCEROS
0004686365|24/06/2017|24/06/2017|0000000000|DEP.EFECTIVO|000|2011|$133,753.07|$0.00|$1,856,963.62|341623|
0004686365|24/06/2017|24/06/2017|0000000000|DEP.EFECTIVO|000|0013|$370,000.00|$0.00|$2,226,963.62|341624|
0004686365|24/06/2017|24/06/2017|0000000000|DEP.EFECTIVO|000|0013|$51,742.90|$0.00|$2,278,706.52|341625|
0004686365|24/06/2017|24/06/2017|0000000000|DEP.EFECTIVO|000|0004|$18,858.10|$0.00|$2,297,564.62|341626|
0004686365|24/06/2017|24/06/2017|0000000000|DEP.EFECTIVO|000|0013|$293,150.58|$0.00|$2,590,715.20|341627|
0004686365|24/06/2017|24/06/2017|0000000000|DEP.EFECTIVO|000|0013|$7,319.62|$0.00|$2,598,034.82|341628|
0004686365|24/06/2017|24/06/2017|0000000000|DEP.EFECTIVO|000|0004|$39,734.58|$0.00|$2,637,769.40|341629|
0004686365|24/06/2017|24/06/2017|0000000000|002601001704240000034610|003|5663|$114,155.28|$0.00|$2,751,924.68|341630|SPEI RECIBIDO DEL BANCO 0012 BBVA BANCOMER, DEL CLIENTE GAS METROPOLITANO SA DE CV, DE LA CLABE 012180001543555987   CON RFC GME540707CD1, CONCEPTO: TRASPASO BANCOMER A BANORTE CONCENTRADOR, REFERENCIA: 0210417 CVE RAST: 002601001704240000034610
0004686365|24/06/2017|24/06/2017|0000000000|DEP.EFECTIVO|000|0684|$292,540.46|$0.00|$3,044,465.14|341631|
0004686365|24/06/2017|24/06/2017|0000000000|DEP.EFECTIVO|000|2011|$155,000.00|$0.00|$3,199,465.14|341632|
0004686365|24/06/2017|24/06/2017|0000000000|002601001704240000035370|003|5663|$106,168.89|$0.00|$3,305,634.03|341633|SPEI RECIBIDO DEL BANCO 0012 BBVA BANCOMER, DEL CLIENTE GAS METROPOLITANO SA DE CV, DE LA CLABE 012180001543555987   CON RFC GME540707CD1, CONCEPTO: TRASPASO BANCOMER A BANORTE CONCENTRADOR, REFERENCIA: 0220417 CVE RAST: 002601001704240000035370
0004686365|24/06/2017|24/06/2017|0000000000|DEPOSITO EN EFECTIVO|000|0357|$1,300.00|$0.00|$3,306,934.03|341634|MEXICO
0004686365|24/06/2017|24/06/2017|0000000000|002601001704240000036289|003|5663|$1,870,000.00|$0.00|$5,176,934.03|341635|SPEI RECIBIDO DEL BANCO 0012 BBVA BANCOMER, DEL CLIENTE GAS METROPOLITANO SA DE CV, DE LA CLABE 012180001100072777   CON RFC GME540707CD1, CONCEPTO: TRASPASO BANCOMER A BANORTE CONCENTRADOR, REFERENCIA: 0240417 CVE RAST: 002601001704240000036289
0004686365|24/06/2017|24/06/2017|0000000000|DEP.EFECTIVO|000|0004|$36,678.58|$0.00|$5,213,612.61|341636|
0004686365|24/06/2017|24/06/2017|0000000000|DEP.EFECTIVO|000|0004|$28,845.54|$0.00|$5,242,458.15|341637|
0004686365|24/06/2017|24/06/2017|0000000000|DEPOSITO DE CUENTA PROPIA|262|8846|$1,800,000.00|$0.00|$7,042,458.15|341638|DE LA CUENTA 0515492550, Traspaso Tpv a Concentr
0004686365|24/06/2017|24/06/2017|0000000000|DEPOSITO DE CUENTA PROPIA|262|8846|$90,000.00|$0.00|$7,132,458.15|341639|DE LA CUENTA 0526140549, Traspaso Ref a Concentr
0004686365|24/06/2017|24/06/2017|0000000000|DEPOSITO DE CUENTA PROPIA|262|8846|$475,000.00|$0.00|$7,607,458.15|341640|DE LA CUENTA 0662334059, Traspaso Est Carb a Conc
0004686365|24/06/2017|24/06/2017|0000000000|DEP.EFECTIVO|000|0684|$272,257.43|$0.00|$7,879,715.58|341641|
0004686365|24/06/2017|24/06/2017|0000000000|DEP.EFECTIVO|000|2011|$500,000.00|$0.00|$8,379,715.58|341642|
0004686365|24/06/2017|24/06/2017|0000000000|DEP.EFECTIVO|000|0004|$21,108.30|$0.00|$8,400,823.88|341643|
0004686365|24/06/2017|24/06/2017|0000000000|DEP.EFECTIVO|000|0004|$298,455.59|$0.00|$8,699,279.47|341644|
0004686365|24/06/2017|24/06/2017|0000000000|DEP.EFECTIVO|000|0004|$98,841.64|$0.00|$8,798,121.11|341645|
0004686365|24/06/2017|24/06/2017|0000000000|CARGO POR PAGO CONCENTRACION|503|8846|$0.00|$7,572,000.00|$1,226,121.11|341646|BEM INTERCAM BANCO  0000000000000000000000000000000107111049, AL RFC IBI061030GD4, RAS 88467114690856002621  FAC 002621
0004686365|24/06/2017|24/06/2017|0000000000|DEP.EFECTIVO|000|0004|$161,000.00|$0.00|$1,387,121.11|341647|
0004686365|24/06/2017|25/06/2017|0000000000|DEP. REMOTO CH. SBC 0001028|006|4543|$2,000.88|$0.00|$1,389,121.99|341648|CHEQUE RECIBIDO SBC POR SERVICIO DE DEPOSITOS REMOTOS, BCO. 044 CTA. 00104005252 NO.CHEQUE 0001028, REFERENCIA: 000019822042017
0004686365|24/06/2017|25/06/2017|0000000000|DEP. REMOTO CH. SBC 0001268|006|4543|$2,997.54|$0.00|$1,392,119.53|341649|CHEQUE RECIBIDO SBC POR SERVICIO DE DEPOSITOS REMOTOS, BCO. 036 CTA. 40128540735 NO.CHEQUE 0001268, REFERENCIA: 000000721042017
0004686365|24/06/2017|25/06/2017|0000000000|DEP. REMOTO CH. SBC 0000001|006|4543|$682.84|$0.00|$1,392,802.37|341650|CHEQUE RECIBIDO SBC POR SERVICIO DE DEPOSITOS REMOTOS, BCO. 036 CTA. 50037531924 NO.CHEQUE 0000001, REFERENCIA: 000000322042017
0004686365|24/06/2017|25/06/2017|0000000000|DEP. REMOTO CH. SBC 0000938|006|4543|$897.22|$0.00|$1,393,699.59|341651|CHEQUE RECIBIDO SBC POR SERVICIO DE DEPOSITOS REMOTOS, BCO. 132 CTA. 00004762924 NO.CHEQUE 0000938, REFERENCIA: 000000322042017
0004686365|24/06/2017|25/06/2017|0000000000|DEP. REMOTO CH. SBC 0000422|006|4543|$500.00|$0.00|$1,394,199.59|341652|CHEQUE RECIBIDO SBC POR SERVICIO DE DEPOSITOS REMOTOS, BCO. 044 CTA. 00100019577 NO.CHEQUE 0000422, REFERENCIA: 000000321042017
0004686365|24/06/2017|25/06/2017|0000000000|DEP. REMOTO CH. SBC 0001950|006|4543|$800.00|$0.00|$1,394,999.59|341653|CHEQUE RECIBIDO SBC POR SERVICIO DE DEPOSITOS REMOTOS, BCO. 044 CTA. 00102005026 NO.CHEQUE 0001950, REFERENCIA: 000000321042017
0004686365|24/06/2017|25/06/2017|0000000000|DEP. REMOTO CH. SBC 0006597|006|4543|$404.00|$0.00|$1,395,403.59|341654|CHEQUE RECIBIDO SBC POR SERVICIO DE DEPOSITOS REMOTOS, BCO. 036 CTA. 50030972859 NO.CHEQUE 0006597, REFERENCIA: 000000321042017
0004686365|24/06/2017|25/06/2017|0000000000|DEP. REMOTO CH. SBC 0001027|006|4543|$1,500.00|$0.00|$1,396,903.59|341655|CHEQUE RECIBIDO SBC POR SERVICIO DE DEPOSITOS REMOTOS, BCO. 036 CTA. 50019843091 NO.CHEQUE 0001027, REFERENCIA: 000000321042017
0004686365|24/06/2017|25/06/2017|0000000000|DEP. REMOTO CH. SBC 0000275|006|4543|$600.00|$0.00|$1,397,503.59|341656|CHEQUE RECIBIDO SBC POR SERVICIO DE DEPOSITOS REMOTOS, BCO. 030 CTA. 07077370201 NO.CHEQUE 0000275, REFERENCIA: 000000721042017
0004686365|24/06/2017|25/06/2017|0000000000|DEP. REMOTO CH. SBC 0003026|006|4543|$5,000.00|$0.00|$1,402,503.59|341657|CHEQUE RECIBIDO SBC POR SERVICIO DE DEPOSITOS REMOTOS, BCO. 030 CTA. 58201130101 NO.CHEQUE 0003026, REFERENCIA: 000000721042017
0004686365|24/06/2017|25/06/2017|0000000000|DEP. REMOTO CH. SBC 0000241|006|4543|$2,900.00|$0.00|$1,405,403.59|341658|CHEQUE RECIBIDO SBC POR SERVICIO DE DEPOSITOS REMOTOS, BCO. 036 CTA. 50029832718 NO.CHEQUE 0000241, REFERENCIA: 000019821042017
0004686365|24/06/2017|25/06/2017|0000000000|DEP. REMOTO CH. SBC 0000009|006|4543|$13,254.00|$0.00|$1,418,657.59|341659|CHEQUE RECIBIDO SBC POR SERVICIO DE DEPOSITOS REMOTOS, BCO. 030 CTA. 90000962589 NO.CHEQUE 0000009, REFERENCIA: 000019821042017
0004686365|24/06/2017|25/06/2017|0000000000|DEP. REMOTO CH. SBC 0026964|006|4543|$16,380.00|$0.00|$1,435,037.59|341660|CHEQUE RECIBIDO SBC POR SERVICIO DE DEPOSITOS REMOTOS, BCO. 044 CTA. 00109110364 NO.CHEQUE 0026964, REFERENCIA: 000001921042017
0004686365|24/06/2017|25/06/2017|0000000000|DEP. REMOTO CH. SBC 0000658|006|4543|$600.00|$0.00|$1,435,637.59|341661|CHEQUE RECIBIDO SBC POR SERVICIO DE DEPOSITOS REMOTOS, BCO. 044 CTA. 00105479606 NO.CHEQUE 0000658, REFERENCIA: 000007220420174
0004686365|24/06/2017|25/06/2017|0000000000|DEP. REMOTO CH. SBC 0006612|006|4543|$412.00|$0.00|$1,436,049.59|341662|CHEQUE RECIBIDO SBC POR SERVICIO DE DEPOSITOS REMOTOS, BCO. 036 CTA. 50030972859 NO.CHEQUE 0006612, REFERENCIA: 000000322042017
0004686365|24/06/2017|25/06/2017|0000000000|DEP. REMOTO CH. SBC 0000035|006|4543|$405.00|$0.00|$1,436,454.59|341663|CHEQUE RECIBIDO SBC POR SERVICIO DE DEPOSITOS REMOTOS, BCO. 044 CTA. 00100694988 NO.CHEQUE 0000035, REFERENCIA: 000000322042017
0004686365|24/06/2017|25/06/2017|0000000000|DEP. REMOTO CH. SBC 0000735|006|4543|$1,588.00|$0.00|$1,438,042.59|341664|CHEQUE RECIBIDO SBC POR SERVICIO DE DEPOSITOS REMOTOS, BCO. 044 CTA. 00104611764 NO.CHEQUE 0000735, REFERENCIA: 000000322042017
0004686365|24/06/2017|24/06/2017|0000000000|DEPOSITO REMOTO CHQS.BANORTE|080|4543|$7,940.00|$0.00|$1,445,982.59|341665|TOTAL DE          1 CHEQUES BANORTE RECIBIDOS, POR SERVICIO DE DEPOSITOS REMOTOS., REFERENCIA: 000000321042017
0004686365|24/06/2017|24/06/2017|0000000000|DEPOSITO REMOTO CHQS.BANORTE|080|4543|$43,892.86|$0.00|$1,489,875.45|341666|TOTAL DE          7 CHEQUES BANORTE RECIBIDOS, POR SERVICIO DE DEPOSITOS REMOTOS., REFERENCIA: 000019821042017
0004686365|24/06/2017|24/06/2017|0000000000|DEPOSITO REMOTO CHQS.BANORTE|080|4543|$1,500.00|$0.00|$1,491,375.45|341667|TOTAL DE          1 CHEQUES BANORTE RECIBIDOS, POR SERVICIO DE DEPOSITOS REMOTOS., REFERENCIA: 000001921042017
0004686365|24/06/2017|24/06/2017|0000000000|DEPOSITO REMOTO CHQS.BANORTE|080|4543|$1,318.04|$0.00|$1,492,693.49|341668|TOTAL DE          1 CHEQUES BANORTE RECIBIDOS, POR SERVICIO DE DEPOSITOS REMOTOS., REFERENCIA: 000000321042017
0004686365|24/06/2017|24/06/2017|0000000000|DEPOSITO REMOTO CHQS.BANORTE|080|4543|$800.00|$0.00|$1,493,493.49|341669|TOTAL DE          1 CHEQUES BANORTE RECIBIDOS, POR SERVICIO DE DEPOSITOS REMOTOS., REFERENCIA: 000000322042017
0004686365|24/06/2017|24/06/2017|0000000000|DEPOSITO REMOTO CHQS.BANORTE|080|4543|$800.00|$0.00|$1,494,293.49|341670|TOTAL DE          1 CHEQUES BANORTE RECIBIDOS, POR SERVICIO DE DEPOSITOS REMOTOS., REFERENCIA: 000019822042047
0004686365|24/06/2017|24/06/2017|0000000000|DEPOSITO REMOTO CHQS.BANORTE|080|4543|$1,200.00|$0.00|$1,495,493.49|341671|TOTAL DE          1 CHEQUES BANORTE RECIBIDOS, POR SERVICIO DE DEPOSITOS REMOTOS., REFERENCIA: 000001922042017
0004686365|24/06/2017|24/06/2017|0000000000|DEPOSITO REMOTO CHQS.BANORTE|080|4543|$3,182.06|$0.00|$1,498,675.55|341672|TOTAL DE          3 CHEQUES BANORTE RECIBIDOS, POR SERVICIO DE DEPOSITOS REMOTOS., REFERENCIA: 000000322042017
0004686365|24/06/2017|24/06/2017|0000000000|DEP.EFECTIVO|000|0004|$163,841.78|$0.00|$1,662,517.33|341673|
0004686365|24/06/2017|24/06/2017|0000000000|HSBC030932|003|5663|$100,847.50|$0.00|$1,763,364.83|341674|SPEI RECIBIDO DEL BANCO 0021 HSBC, DEL CLIENTE GAS METROPOLITANO  S A  DE C V, DE LA CLABE 021180040293499743   CON RFC GME540707CD1, CONCEPTO: TRASP DEL DIA HSBC A BNTE CONCENT, REFERENCIA: 1170424 CVE RAST: HSBC030932
0004686365|24/06/2017|24/06/2017|0000240417|TRASPASO A CUENTA PROPIA|790|8846|$0.00|$683,813.50|$1,079,551.33|341675|IVA:00000000.00    , A LA CUENTA 0089348641, TRASPASO PAGO PEMEX AL R.F.C. GME540707CD1
0004686365|24/06/2017|24/06/2017|0000000000|085901747190311472|003|5663|$72,292.06|$0.00|$1,151,843.39|341676|SPEI RECIBIDO DEL BANCO 0002 BANAMEX, DEL CLIENTE GAS METROPOLITANO SA DE CV, DE LA CLABE 002180020842869349   CON RFC GME540707CD1, CONCEPTO: DEP ELECT DEL DIA TRASP BTE CONCENTRADOR, REFERENCIA: 0012345 CVE RAST: 085901747190311472
0004686365|24/06/2017|24/06/2017|0000000000|2017042440014 TCT0000479216940|003|5663|$110,325.58|$0.00|$1,262,168.97|341677|SPEI RECIBIDO DEL BANCO 0014 SANTANDER, DEL CLIENTE GAS METROPOLITANO SA DE CV, DE LA CLABE 014180655015916550   CON RFC ND, CONCEPTO: TRASPASO DEL DIA SANTANDER A BANORTE, REFERENCIA: 0240417 CVE RAST: 2017042440014 TCT0000479216940
0004686365|24/06/2017|24/06/2017|0000000000|085901827980311476|003|5663|$4,335,000.00|$0.00|$5,597,168.97|341678|SPEI RECIBIDO DEL BANCO 0002 BANAMEX, DEL CLIENTE GAS METROPOLITANO SA DE CV, DE LA CLABE 002180020800108615   CON RFC GME540707CD1, CONCEPTO: TRASPASO CONCENTRADORA BANORTE, REFERENCIA: 0012345 CVE RAST: 085901827980311476
0004686365|24/06/2017|24/06/2017|0000000000|CARGO POR PAGO CONCENTRACION|503|8846|$0.00|$3,728,000.00|$1,869,168.97|341679|BEM INTERCAM BANCO  0000000000000000000000000000000107111049, AL RFC IBI061030GD4, RAS 88467114743369002621  FAC 002621
0004686365|24/06/2017|24/06/2017|0000000000|DEP.EFECTIVO|000|0679|$10,000.00|$0.00|$1,879,168.97|341680|
0004686365|24/06/2017|24/06/2017|0000000000|DEP.EFECTIVO|000|0679|$10,000.00|$0.00|$1,889,168.97|341681|
0004686365|24/06/2017|24/06/2017|0000000000|DEP.EFECTIVO|000|0679|$258,115.50|$0.00|$2,147,284.47|341682|
0004686365|24/06/2017|24/06/2017|0000000000|DEP.EFECTIVO|000|0004|$1,228.50|$0.00|$2,148,512.97|341683|
0004686365|24/06/2017|24/06/2017|0000000000|INVERSION MDD|591|8100|$0.00|$2,000,000.00|$148,512.97|341684|CTO 0098937331 24/04
0004686365|25/06/2017|25/06/2017|0000000000|COM. X CHEQ. SERV DEP. REMOTO|537|4543|$0.00|$543.00|$147,969.97|341685|COMISION POR CHEQUE DEL SERVICIO DE DEPOSITO REMOTO, NUM DE CHEQUES:         543, CUENTA DEL SERVICIO 0004686365  FECHA DE ALTA: 2010-10-13
0004686365|25/06/2017|25/06/2017|0000000000|IVA SERVICIO DEPOSITOS REMOTOS|517|4543|$0.00|$86.88|$147,883.09|341686|
0004686365|25/06/2017|25/06/2017|0000000000|VENC. CAP. MDD|092|8100|$2,000,000.00|$0.00|$2,147,883.09|341687|CONTRATO 0098937331 FOLIO 37292900 25/04
0004686365|25/06/2017|25/06/2017|0000000000|INTERES MDD|093|8100|$188.89|$0.00|$2,148,071.98|341688|CONTRATO 0098937331 FOLIO 37292900 25/04
0004686365|25/06/2017|25/06/2017|0000000000|Impuesto Sobre la Renta|592|8100|$0.00|$31.78|$2,148,040.20|341689|CONTRATO 0098937331 FOLIO 37292900 25/04
0004686365|25/06/2017|25/06/2017|0000000000|DEV.CHEQUE LOCAL 0000000001|506|8068|$0.00|$682.84|$2,147,357.36|341690|NO MINISTRADOS AL LB
0004686365|25/06/2017|25/06/2017|0000000000|DEP.EFECTIVO|000|0004|$11,545.70|$0.00|$2,158,903.06|341691|
0004686365|25/06/2017|25/06/2017|0000000000|DEP.EFECTIVO|000|0679|$500,000.00|$0.00|$2,658,903.06|341692|
0004686365|25/06/2017|25/06/2017|0000000000|DEP.EFECTIVO|000|0004|$125,000.00|$0.00|$2,783,903.06|341693|
0004686365|25/06/2017|25/06/2017|0000000000|DEP.EFECTIVO|000|0684|$728,554.97|$0.00|$3,512,458.03|341694|
0004686365|25/06/2017|25/06/2017|0000000000|DEP.EFECTIVO|000|0004|$237,000.00|$0.00|$3,749,458.03|341695|
0004686365|25/06/2017|25/06/2017|0000000000|DEP.EFECTIVO|000|0679|$310,278.55|$0.00|$4,059,736.58|341696|
0004686365|25/06/2017|25/06/2017|0000000000|DEP.EFECTIVO|000|0004|$136,990.36|$0.00|$4,196,726.94|341697|
0004686365|25/06/2017|25/06/2017|0000000000|002601001704250000020370|003|5663|$15,431.04|$0.00|$4,212,157.98|341698|SPEI RECIBIDO DEL BANCO 0012 BBVA BANCOMER, DEL CLIENTE GAS METROPOLITANO SA DE CV, DE LA CLABE 012180001543555987   CON RFC GME540707CD1, CONCEPTO: TRASPASO BANCOMER A BANORTE CONCENTRADOR, REFERENCIA: 0240417 CVE RAST: 002601001704250000020370
0004686365|25/06/2017|25/06/2017|0000000000|DEP.EFECTIVO|000|0679|$49,439.90|$0.00|$4,261,597.88|341699|
0004686365|25/06/2017|25/06/2017|0000000000|DEP.EFECTIVO|000|0004|$93,798.00|$0.00|$4,355,395.88|341700|
0004686365|25/06/2017|25/06/2017|0000000000|DEP.EFECTIVO|000|0679|$41,859.53|$0.00|$4,397,255.41|341701|
0004686365|25/06/2017|25/06/2017|0000000000|DEP.EFECTIVO|000|2011|$703,297.04|$0.00|$5,100,552.45|341702|
0004686365|25/06/2017|25/06/2017|0000000000|CARGO POR PAGO CONCENTRACION|503|8846|$0.00|$3,728,000.00|$1,372,552.45|341703|BEM INTERCAM BANCO  0000000000000000000000000000000107111049, AL RFC IBI061030GD4, RAS 88467115888687002621  FAC 002621
0004686365|25/06/2017|26/06/2017|0000000000|DEP. REMOTO CH. SBC 0000610|006|4543|$15,993.08|$0.00|$1,388,545.53|341704|CHEQUE RECIBIDO SBC POR SERVICIO DE DEPOSITOS REMOTOS, BCO. 132 CTA. 00003488578 NO.CHEQUE 0000610, REFERENCIA: 000019824042017
0004686365|25/06/2017|26/06/2017|0000000000|DEP. REMOTO CH. SBC 0002910|006|4543|$14,234.22|$0.00|$1,402,779.75|341705|CHEQUE RECIBIDO SBC POR SERVICIO DE DEPOSITOS REMOTOS, BCO. 062 CTA. 00136106678 NO.CHEQUE 0002910, REFERENCIA: 000019824042017
0004686365|25/06/2017|26/06/2017|0000000000|DEP. REMOTO CH. SBC 0001235|006|4543|$2,000.00|$0.00|$1,404,779.75|341706|CHEQUE RECIBIDO SBC POR SERVICIO DE DEPOSITOS REMOTOS, BCO. 036 CTA. 11554340018 NO.CHEQUE 0001235, REFERENCIA: 000000724042017
0004686365|25/06/2017|26/06/2017|0000000000|DEP. REMOTO CH. SBC 0000523|006|4543|$300.00|$0.00|$1,405,079.75|341707|CHEQUE RECIBIDO SBC POR SERVICIO DE DEPOSITOS REMOTOS, BCO. 036 CTA. 50025784931 NO.CHEQUE 0000523, REFERENCIA: 000000324042017
0004686365|25/06/2017|26/06/2017|0000000000|DEP. REMOTO CH. SBC 0006627|006|4543|$301.00|$0.00|$1,405,380.75|341708|CHEQUE RECIBIDO SBC POR SERVICIO DE DEPOSITOS REMOTOS, BCO. 036 CTA. 50030972859 NO.CHEQUE 0006627, REFERENCIA: 000000324042017
0004686365|25/06/2017|26/06/2017|0000000000|DEP. REMOTO CH. SBC 0002389|006|4543|$700.00|$0.00|$1,406,080.75|341709|CHEQUE RECIBIDO SBC POR SERVICIO DE DEPOSITOS REMOTOS, BCO. 044 CTA. 00105044022 NO.CHEQUE 0002389, REFERENCIA: 000000324042017
0004686365|25/06/2017|26/06/2017|0000000000|DEP. REMOTO CH. SBC 0000031|006|4543|$1,500.00|$0.00|$1,407,580.75|341710|CHEQUE RECIBIDO SBC POR SERVICIO DE DEPOSITOS REMOTOS, BCO. 044 CTA. 00101107758 NO.CHEQUE 0000031, REFERENCIA: 000000324042017
0004686365|25/06/2017|26/06/2017|0000000000|DEP. REMOTO CH. SBC 0001748|006|4543|$2,000.00|$0.00|$1,409,580.75|341711|CHEQUE RECIBIDO SBC POR SERVICIO DE DEPOSITOS REMOTOS, BCO. 044 CTA. 00104572637 NO.CHEQUE 0001748, REFERENCIA: 000000324042017
0004686365|25/06/2017|26/06/2017|0000000000|DEP. REMOTO CH. SBC 0000064|006|4543|$2,600.10|$0.00|$1,412,180.85|341712|CHEQUE RECIBIDO SBC POR SERVICIO DE DEPOSITOS REMOTOS, BCO. 036 CTA. 50029098963 NO.CHEQUE 0000064, REFERENCIA: 000019824042017
0004686365|25/06/2017|26/06/2017|0000000000|DEP. REMOTO CH. SBC 3483732|006|4543|$2,818.80|$0.00|$1,414,999.65|341713|CHEQUE RECIBIDO SBC POR SERVICIO DE DEPOSITOS REMOTOS, BCO. 042 CTA. 00340053532 NO.CHEQUE 3483732, REFERENCIA: 000019824042017
0004686365|25/06/2017|26/06/2017|0000000000|DEP. REMOTO CH. SBC 0000278|006|4543|$7,860.00|$0.00|$1,422,859.65|341714|CHEQUE RECIBIDO SBC POR SERVICIO DE DEPOSITOS REMOTOS, BCO. 030 CTA. 90000940146 NO.CHEQUE 0000278, REFERENCIA: 000019824042017
0004686365|25/06/2017|26/06/2017|0000000000|DEP. REMOTO CH. SBC 0002342|006|4543|$1,400.00|$0.00|$1,424,259.65|341715|CHEQUE RECIBIDO SBC POR SERVICIO DE DEPOSITOS REMOTOS, BCO. 044 CTA. 00107952341 NO.CHEQUE 0002342, REFERENCIA: 000019824042017
0004686365|25/06/2017|26/06/2017|0000000000|DEP. REMOTO CH. SBC 0000584|006|4543|$1,500.00|$0.00|$1,425,759.65|341716|CHEQUE RECIBIDO SBC POR SERVICIO DE DEPOSITOS REMOTOS, BCO. 044 CTA. 00105494001 NO.CHEQUE 0000584, REFERENCIA: 000019824042017
0004686365|25/06/2017|26/06/2017|0000000000|DEP. REMOTO CH. SBC 0002064|006|4543|$4,968.50|$0.00|$1,430,728.15|341717|CHEQUE RECIBIDO SBC POR SERVICIO DE DEPOSITOS REMOTOS, BCO. 044 CTA. 00101571520 NO.CHEQUE 0002064, REFERENCIA: 000019824042017
0004686365|25/06/2017|26/06/2017|0000000000|DEP. REMOTO CH. SBC 0002083|006|4543|$5,997.40|$0.00|$1,436,725.55|341718|CHEQUE RECIBIDO SBC POR SERVICIO DE DEPOSITOS REMOTOS, BCO. 044 CTA. 00101571520 NO.CHEQUE 0002083, REFERENCIA: 000019824042017
0004686365|25/06/2017|25/06/2017|0000000000|DEPOSITO REMOTO CHQS.BANORTE|080|4543|$500.00|$0.00|$1,437,225.55|341719|TOTAL DE          1 CHEQUES BANORTE RECIBIDOS, POR SERVICIO DE DEPOSITOS REMOTOS., REFERENCIA: 000000324042017
0004686365|25/06/2017|25/06/2017|0000000000|DEPOSITO REMOTO CHQS.BANORTE|080|4543|$5,674.80|$0.00|$1,442,900.35|341720|TOTAL DE          2 CHEQUES BANORTE RECIBIDOS, POR SERVICIO DE DEPOSITOS REMOTOS., REFERENCIA: 000019824042017
0004686365|25/06/2017|25/06/2017|0000000000|DEPOSITO REMOTO CHQS.BANORTE|080|4543|$6,462.70|$0.00|$1,449,363.05|341721|TOTAL DE          2 CHEQUES BANORTE RECIBIDOS, POR SERVICIO DE DEPOSITOS REMOTOS., REFERENCIA: 000000724042017
0004686365|25/06/2017|25/06/2017|0000000000|DEPOSITO REMOTO CHQS.BANORTE|080|4543|$1,000.00|$0.00|$1,450,363.05|341722|TOTAL DE          1 CHEQUES BANORTE RECIBIDOS, POR SERVICIO DE DEPOSITOS REMOTOS., REFERENCIA: 000000324042017
0004686365|25/06/2017|25/06/2017|0000000000|DEPOSITO REMOTO CHQS.BANORTE|080|4543|$212.00|$0.00|$1,450,575.05|341723|TOTAL DE          1 CHEQUES BANORTE RECIBIDOS, POR SERVICIO DE DEPOSITOS REMOTOS., REFERENCIA: 000019824042017
0004686365|25/06/2017|25/06/2017|0000250417|TRASPASO A CUENTA PROPIA|790|8846|$0.00|$260,167.93|$1,190,407.12|341724|IVA:00000000.00    , A LA CUENTA 0089348641, TRASPASO PAGO PEMEX AL R.F.C. GME540707CD1
0004686365|25/06/2017|25/06/2017|0000000000|2017042540014 TCT0000482327710|003|5663|$309,891.43|$0.00|$1,500,298.55|341725|SPEI RECIBIDO DEL BANCO 0014 SANTANDER, DEL CLIENTE GAS METROPOLITANO SA DE CV, DE LA CLABE 014180655015916550   CON RFC ND, CONCEPTO: TRASPASO DEL DIA SANTANDER A BANORTE, REFERENCIA: 0250417 CVE RAST: 2017042540014 TCT0000482327710
0004686365|25/06/2017|25/06/2017|0000000000|HSBC029327|003|5663|$9,385.26|$0.00|$1,509,683.81|341726|SPEI RECIBIDO DEL BANCO 0021 HSBC, DEL CLIENTE GAS METROPOLITANO  S A  DE C V, DE LA CLABE 021180040293499743   CON RFC GME540707CD1, CONCEPTO: TRASP DEL DIA HSBC A BNTE CONCENT, REFERENCIA: 1170425 CVE RAST: HSBC029327
0004686365|25/06/2017|25/06/2017|0000000000|DEP.EFECTIVO|000|0004|$56,259.48|$0.00|$1,565,943.29|341727|
0004686365|25/06/2017|25/06/2017|0000000000|DEP.EFECTIVO|000|0004|$50,555.50|$0.00|$1,616,498.79|341728|
0004686365|25/06/2017|25/06/2017|0000000000|DEP.EFECTIVO|000|0004|$90,828.26|$0.00|$1,707,327.05|341729|
0004686365|25/06/2017|25/06/2017|0000000000|INVERSION MDD|591|8100|$0.00|$1,500,000.00|$207,327.05|341730|CTO 0098937331 25/04
0004686365|25/06/2017|25/06/2017|0000000000|085903750600311575|003|5663|$49,748.46|$0.00|$257,075.51|341731|SPEI RECIBIDO DEL BANCO 0002 BANAMEX, DEL CLIENTE GAS METROPOLITANO SA DE CV, DE LA CLABE 002180020842869349   CON RFC GME540707CD1, CONCEPTO: DEP ELECT DEL DIA TRASP BTE CONCENTRADOR, REFERENCIA: 0012345 CVE RAST: 085903750600311575
0004686365|26/06/2017|26/06/2017|0000000000|VENC. CAP. MDD|092|8100|$1,500,000.00|$0.00|$1,757,075.51|341732|CONTRATO 0098937331 FOLIO 37300360 26/04
0004686365|26/06/2017|26/06/2017|0000000000|INTERES MDD|093|8100|$138.75|$0.00|$1,757,214.26|341733|CONTRATO 0098937331 FOLIO 37300360 26/04
0004686365|26/06/2017|26/06/2017|0000000000|Impuesto Sobre la Renta|592|8100|$0.00|$23.84|$1,757,190.42|341734|CONTRATO 0098937331 FOLIO 37300360 26/04
0004686365|26/06/2017|26/06/2017|0000000000|DEP.EFECTIVO|000|0013|$429,000.00|$0.00|$2,186,190.42|341735|
0004686365|26/06/2017|26/06/2017|0000000000|DEP.EFECTIVO|000|0013|$593,250.08|$0.00|$2,779,440.50|341736|
0004686365|26/06/2017|26/06/2017|0000000000|DEP.EFECTIVO|000|0679|$18,263.66|$0.00|$2,797,704.16|341737|
0004686365|26/06/2017|26/06/2017|0000000000|002601001704260000019094|003|5663|$143,821.14|$0.00|$2,941,525.30|341738|SPEI RECIBIDO DEL BANCO 0012 BBVA BANCOMER, DEL CLIENTE GAS METROPOLITANO SA DE CV, DE LA CLABE 012180001543555987   CON RFC GME540707CD1, CONCEPTO: TRASPASO BANCOMER A BANORTE CONCENTRADOR, REFERENCIA: 0250417 CVE RAST: 002601001704260000019094
0004686365|26/06/2017|26/06/2017|0000000000|DEP.EFECTIVO|000|0679|$270,447.68|$0.00|$3,211,972.98|341739|
0004686365|26/06/2017|26/06/2017|0000000000|085900790330311679|003|5663|$41,315.75|$0.00|$3,253,288.73|341740|SPEI RECIBIDO DEL BANCO 0002 BANAMEX, DEL CLIENTE GAS METROPOLITANO SA DE CV, DE LA CLABE 002180020842869349   CON RFC GME540707CD1, CONCEPTO: DEP ELECT DEL DIA TRASP BTE CONCENTRADOR, REFERENCIA: 0012345 CVE RAST: 085900790330311679
0004686365|26/06/2017|26/06/2017|0000000000|DEP.EFECTIVO|000|0679|$124,523.60|$0.00|$3,377,812.33|341741|
0004686365|26/06/2017|26/06/2017|0000000000|DEP.EFECTIVO|000|0679|$285,950.02|$0.00|$3,663,762.35|341742|
0004686365|26/06/2017|27/06/2017|0000000000|DEP. REMOTO CH. SBC 0000289|006|4543|$1,564.18|$0.00|$3,665,326.53|341743|CHEQUE RECIBIDO SBC POR SERVICIO DE DEPOSITOS REMOTOS, BCO. 044 CTA. 00100213713 NO.CHEQUE 0000289, REFERENCIA: 000019825042016
0004686365|26/06/2017|27/06/2017|0000000000|DEP. REMOTO CH. SBC 0001959|006|4543|$500.22|$0.00|$3,665,826.75|341744|CHEQUE RECIBIDO SBC POR SERVICIO DE DEPOSITOS REMOTOS, BCO. 036 CTA. 50015874531 NO.CHEQUE 0001959, REFERENCIA: 000000325042017
0004686365|26/06/2017|27/06/2017|0000000000|DEP. REMOTO CH. SBC 0002066|006|4543|$700.00|$0.00|$3,666,526.75|341745|CHEQUE RECIBIDO SBC POR SERVICIO DE DEPOSITOS REMOTOS, BCO. 044 CTA. 00102868210 NO.CHEQUE 0002066, REFERENCIA: 000000725042017
0004686365|26/06/2017|27/06/2017|0000000000|DEP. REMOTO CH. SBC 0006654|006|4543|$397.00|$0.00|$3,666,923.75|341746|CHEQUE RECIBIDO SBC POR SERVICIO DE DEPOSITOS REMOTOS, BCO. 036 CTA. 50030972859 NO.CHEQUE 0006654, REFERENCIA: 000000725042017
0004686365|26/06/2017|27/06/2017|0000000000|DEP. REMOTO CH. SBC 0000467|006|4543|$1,000.00|$0.00|$3,667,923.75|341747|CHEQUE RECIBIDO SBC POR SERVICIO DE DEPOSITOS REMOTOS, BCO. 036 CTA. 40130539060 NO.CHEQUE 0000467, REFERENCIA: 000000725042017
0004686365|26/06/2017|27/06/2017|0000000000|DEP. REMOTO CH. SBC 0003418|006|4543|$1,469.00|$0.00|$3,669,392.75|341748|CHEQUE RECIBIDO SBC POR SERVICIO DE DEPOSITOS REMOTOS, BCO. 037 CTA. 00300091928 NO.CHEQUE 0003418, REFERENCIA: 000000325042017
0004686365|26/06/2017|27/06/2017|0000000000|DEP. REMOTO CH. SBC 9360975|006|4543|$3,000.00|$0.00|$3,672,392.75|341749|CHEQUE RECIBIDO SBC POR SERVICIO DE DEPOSITOS REMOTOS, BCO. 032 CTA. 00011796154 NO.CHEQUE 9360975, REFERENCIA: 000000325042017
0004686365|26/06/2017|27/06/2017|0000000000|DEP. REMOTO CH. SBC 0000189|006|4543|$1,627.70|$0.00|$3,674,020.45|341750|CHEQUE RECIBIDO SBC POR SERVICIO DE DEPOSITOS REMOTOS, BCO. 044 CTA. 00100498068 NO.CHEQUE 0000189, REFERENCIA: 000000325042017
0004686365|26/06/2017|27/06/2017|0000000000|DEP. REMOTO CH. SBC 0003893|006|4543|$2,143.80|$0.00|$3,676,164.25|341751|CHEQUE RECIBIDO SBC POR SERVICIO DE DEPOSITOS REMOTOS, BCO. 044 CTA. 00107580037 NO.CHEQUE 0003893, REFERENCIA: 000000325042017
0004686365|26/06/2017|27/06/2017|0000000000|DEP. REMOTO CH. SBC 3172927|006|4543|$1,000.00|$0.00|$3,677,164.25|341752|CHEQUE RECIBIDO SBC POR SERVICIO DE DEPOSITOS REMOTOS, BCO. 042 CTA. 00140004782 NO.CHEQUE 3172927, REFERENCIA: 000019825042016
0004686365|26/06/2017|27/06/2017|0000000000|DEP. REMOTO CH. SBC 0002253|006|4543|$1,004.40|$0.00|$3,678,168.65|341753|CHEQUE RECIBIDO SBC POR SERVICIO DE DEPOSITOS REMOTOS, BCO. 044 CTA. 00105003229 NO.CHEQUE 0002253, REFERENCIA: 000019825042016
0004686365|26/06/2017|27/06/2017|0000000000|DEP. REMOTO CH. SBC 0002110|006|4543|$2,047.50|$0.00|$3,680,216.15|341754|CHEQUE RECIBIDO SBC POR SERVICIO DE DEPOSITOS REMOTOS, BCO. 044 CTA. 00107010672 NO.CHEQUE 0002110, REFERENCIA: 000019825042016
0004686365|26/06/2017|27/06/2017|0000000000|DEP. REMOTO CH. SBC 0000864|006|4543|$3,160.00|$0.00|$3,683,376.15|341755|CHEQUE RECIBIDO SBC POR SERVICIO DE DEPOSITOS REMOTOS, BCO. 044 CTA. 00107669740 NO.CHEQUE 0000864, REFERENCIA: 000019825042016
0004686365|26/06/2017|27/06/2017|0000000000|DEP. REMOTO CH. SBC 0000865|006|4543|$3,196.00|$0.00|$3,686,572.15|341756|CHEQUE RECIBIDO SBC POR SERVICIO DE DEPOSITOS REMOTOS, BCO. 044 CTA. 00107669740 NO.CHEQUE 0000865, REFERENCIA: 000019825042016
0004686365|26/06/2017|27/06/2017|0000000000|DEP. REMOTO CH. SBC 0000025|006|4543|$755.00|$0.00|$3,687,327.15|341757|CHEQUE RECIBIDO SBC POR SERVICIO DE DEPOSITOS REMOTOS, BCO. 044 CTA. 00101867112 NO.CHEQUE 0000025, REFERENCIA: 000003725042017
0004686365|26/06/2017|26/06/2017|0000000000|DEPOSITO REMOTO CHQS.BANORTE|080|4543|$44,002.65|$0.00|$3,731,329.80|341758|TOTAL DE          4 CHEQUES BANORTE RECIBIDOS, POR SERVICIO DE DEPOSITOS REMOTOS., REFERENCIA: 000019825042017
0004686365|26/06/2017|26/06/2017|0000000000|DEPOSITO REMOTO CHQS.BANORTE|080|4543|$3,914.42|$0.00|$3,735,244.22|341759|TOTAL DE          2 CHEQUES BANORTE RECIBIDOS, POR SERVICIO DE DEPOSITOS REMOTOS., REFERENCIA: 000003725042017
0004686365|26/06/2017|26/06/2017|0000000000|DEPOSITO REMOTO CHQS.BANORTE|080|4543|$5,240.40|$0.00|$3,740,484.62|341760|TOTAL DE          1 CHEQUES BANORTE RECIBIDOS, POR SERVICIO DE DEPOSITOS REMOTOS., REFERENCIA: 000000725042017
0004686365|26/06/2017|26/06/2017|0000000000|DEPOSITO REMOTO CHQS.BANORTE|080|4543|$2,016.90|$0.00|$3,742,501.52|341761|TOTAL DE          1 CHEQUES BANORTE RECIBIDOS, POR SERVICIO DE DEPOSITOS REMOTOS., REFERENCIA: 000000502705357
0004686365|26/06/2017|26/06/2017|0000000000|2017042640014 TCT0000485491330|003|5663|$19,762.74|$0.00|$3,762,264.26|341762|SPEI RECIBIDO DEL BANCO 0014 SANTANDER, DEL CLIENTE GAS METROPOLITANO SA DE CV, DE LA CLABE 014180655015916550   CON RFC ND, CONCEPTO: TRASPASO DEL DIA SANTANDER A BANORTE, REFERENCIA: 0260417 CVE RAST: 2017042640014 TCT0000485491330
0004686365|26/06/2017|26/06/2017|0000000000|HSBC019845|003|5663|$106,275.72|$0.00|$3,868,539.98|341763|SPEI RECIBIDO DEL BANCO 0021 HSBC, DEL CLIENTE GAS METROPOLITANO  S A  DE C V, DE LA CLABE 021180040293499743   CON RFC GME540707CD1, CONCEPTO: TRASP DEL DIA HSBC A BNTE CONCENT, REFERENCIA: 1170426 CVE RAST: HSBC019845
0004686365|26/06/2017|26/06/2017|0000000000|DEPOSITO EN EFECTIVO|000|0357|$800.00|$0.00|$3,869,339.98|341764|MEXICO
0004686365|26/06/2017|26/06/2017|0000260417|TRASPASO A CUENTA PROPIA|790|8846|$0.00|$259,314.71|$3,610,025.27|341765|IVA:00000000.00    , A LA CUENTA 0089348641, TRASPASO PAGO PEMEX AL R.F.C. GME540707CD1
0004686365|26/06/2017|26/06/2017|0000260417|TRASPASO A CUENTA PROPIA|790|8846|$0.00|$3,500,000.00|$110,025.27|341766|IVA:00000000.00    , A LA CUENTA 0559478361, TRASPASO PRESUPUESTO PROVEEDOR AL R.F.C. GME540707CD1
0004686365|26/06/2017|26/06/2017|0026042017|DEPOSITO DE CUENTA DE TERCEROS|263|8846|$25,953.75|$0.00|$135,979.02|341767|DE LA CUENTA 0641016659, PAGO FACTURAS VARIAS
0004686365|26/06/2017|26/06/2017|0026042017|DEPOSITO DE CUENTA DE TERCEROS|263|8846|$61,909.04|$0.00|$197,888.06|341768|DE LA CUENTA 0641016659, PAGO FACTURAS VARIAS
0004686365|26/06/2017|26/06/2017|0000000000|DEP.EFECTIVO|000|0004|$7,500.00|$0.00|$205,388.06|341769|
0004686365|27/06/2017|27/06/2017|0000000000|DEP.EFECTIVO|000|0004|$55,640.62|$0.00|$261,028.68|341770|
0004686365|27/06/2017|27/06/2017|0000000000|DEP.EFECTIVO|000|0013|$456,906.10|$0.00|$717,934.78|341771|
0004686365|27/06/2017|27/06/2017|0000000000|DEP.EFECTIVO|000|0013|$57,606.16|$0.00|$775,540.94|341772|
0004686365|27/06/2017|27/06/2017|0000000000|DEP.EFECTIVO|000|0013|$43,895.51|$0.00|$819,436.45|341773|
0004686365|27/06/2017|27/06/2017|0000000000|DEP.EFECTIVO|000|0004|$18,672.24|$0.00|$838,108.69|341774|
0004686365|27/06/2017|27/06/2017|0000000000|DEP.EFECTIVO|000|0004|$492,070.32|$0.00|$1,330,179.01|341775|
0004686365|27/06/2017|27/06/2017|0000000000|DEP.EFECTIVO|000|0004|$31,715.00|$0.00|$1,361,894.01|341776|
0004686365|27/06/2017|27/06/2017|0000000000|DEPOSITO EN EFECTIVO|000|0357|$19,835.00|$0.00|$1,381,729.01|341777|MEXICO
0004686365|27/06/2017|27/06/2017|0000000000|002601001704270000034162|003|5663|$51,090.27|$0.00|$1,432,819.28|341778|SPEI RECIBIDO DEL BANCO 0012 BBVA BANCOMER, DEL CLIENTE GAS METROPOLITANO SA DE CV, DE LA CLABE 012180001543555987   CON RFC GME540707CD1, CONCEPTO: TRASPASO BANCOMER A BANORTE CONCENTRADOR, REFERENCIA: 0260417 CVE RAST: 002601001704270000034162
0004686365|27/06/2017|27/06/2017|0000000000|002601001704270000039541|003|5663|$1,580,000.00|$0.00|$3,012,819.28|341779|SPEI RECIBIDO DEL BANCO 0012 BBVA BANCOMER, DEL CLIENTE GAS METROPOLITANO SA DE CV, DE LA CLABE 012180001100072777   CON RFC GME540707CD1, CONCEPTO: TRASPASO BANCOMER A BANORTE CONCENTRADOR, REFERENCIA: 0270417 CVE RAST: 002601001704270000039541
0004686365|27/06/2017|27/06/2017|0000270417|DEPOSITO DE CUENTA PROPIA|262|8846|$1,100,000.00|$0.00|$4,112,819.28|341780|DE LA CUENTA 0515492550, TRASPASO TPV A CONCENTRADORA
0004686365|27/06/2017|28/06/2017|0000000000|DEP. REMOTO CH. SBC 0001433|006|4543|$4,512.69|$0.00|$4,117,331.97|341781|CHEQUE RECIBIDO SBC POR SERVICIO DE DEPOSITOS REMOTOS, BCO. 044 CTA. 00102823441 NO.CHEQUE 0001433, REFERENCIA: 000019826042017
0004686365|27/06/2017|28/06/2017|0000000000|DEP. REMOTO CH. SBC 0000095|006|4543|$1,103.66|$0.00|$4,118,435.63|341782|CHEQUE RECIBIDO SBC POR SERVICIO DE DEPOSITOS REMOTOS, BCO. 044 CTA. 00101470046 NO.CHEQUE 0000095, REFERENCIA: 000019826042017
0004686365|27/06/2017|28/06/2017|0000000000|DEP. REMOTO CH. SBC 0001133|006|4543|$1,992.94|$0.00|$4,120,428.57|341783|CHEQUE RECIBIDO SBC POR SERVICIO DE DEPOSITOS REMOTOS, BCO. 036 CTA. 50024961515 NO.CHEQUE 0001133, REFERENCIA: 000000326042017
0004686365|27/06/2017|28/06/2017|0000000000|DEP. REMOTO CH. SBC 0002646|006|4543|$1,040.14|$0.00|$4,121,468.71|341784|CHEQUE RECIBIDO SBC POR SERVICIO DE DEPOSITOS REMOTOS, BCO. 044 CTA. 00102654792 NO.CHEQUE 0002646, REFERENCIA: 000000726042017
0004686365|27/06/2017|28/06/2017|0000000000|DEP. REMOTO CH. SBC 0000625|006|4543|$15,298.92|$0.00|$4,136,767.63|341785|CHEQUE RECIBIDO SBC POR SERVICIO DE DEPOSITOS REMOTOS, BCO. 044 CTA. 00104893814 NO.CHEQUE 0000625, REFERENCIA: 000019826042017
0004686365|27/06/2017|28/06/2017|0000000000|DEP. REMOTO CH. SBC 0000656|006|4543|$1,000.00|$0.00|$4,137,767.63|341786|CHEQUE RECIBIDO SBC POR SERVICIO DE DEPOSITOS REMOTOS, BCO. 036 CTA. 40129657385 NO.CHEQUE 0000656, REFERENCIA: 000000326042017
0004686365|27/06/2017|28/06/2017|0000000000|DEP. REMOTO CH. SBC 0000006|006|4543|$1,300.00|$0.00|$4,139,067.63|341787|CHEQUE RECIBIDO SBC POR SERVICIO DE DEPOSITOS REMOTOS, BCO. 036 CTA. 50037641620 NO.CHEQUE 0000006, REFERENCIA: 000019826042017
0004686365|27/06/2017|28/06/2017|0000000000|DEP. REMOTO CH. SBC 0000249|006|4543|$3,000.00|$0.00|$4,142,067.63|341788|CHEQUE RECIBIDO SBC POR SERVICIO DE DEPOSITOS REMOTOS, BCO. 036 CTA. 50029832718 NO.CHEQUE 0000249, REFERENCIA: 000019826042017
0004686365|27/06/2017|28/06/2017|0000000000|DEP. REMOTO CH. SBC 0000355|006|4543|$1,430.00|$0.00|$4,143,497.63|341789|CHEQUE RECIBIDO SBC POR SERVICIO DE DEPOSITOS REMOTOS, BCO. 044 CTA. 00103609022 NO.CHEQUE 0000355, REFERENCIA: 000019826042017
0004686365|27/06/2017|28/06/2017|0000000000|DEP. REMOTO CH. SBC 0001641|006|4543|$500.00|$0.00|$4,143,997.63|341790|CHEQUE RECIBIDO SBC POR SERVICIO DE DEPOSITOS REMOTOS, BCO. 044 CTA. 00100598151 NO.CHEQUE 0001641, REFERENCIA: 000003726042017
0004686365|27/06/2017|27/06/2017|0000000000|DEPOSITO REMOTO CHQS.BANORTE|080|4543|$1,511.60|$0.00|$4,145,509.23|341791|TOTAL DE          2 CHEQUES BANORTE RECIBIDOS, POR SERVICIO DE DEPOSITOS REMOTOS., REFERENCIA: 000000326042017
0004686365|27/06/2017|27/06/2017|0000000000|DEPOSITO REMOTO CHQS.BANORTE|080|4543|$18,982.98|$0.00|$4,164,492.21|341792|TOTAL DE          3 CHEQUES BANORTE RECIBIDOS, POR SERVICIO DE DEPOSITOS REMOTOS., REFERENCIA: 000019826042017
0004686365|27/06/2017|27/06/2017|0000000000|DEPOSITO REMOTO CHQS.BANORTE|080|4543|$4,239.96|$0.00|$4,168,732.17|341793|TOTAL DE          1 CHEQUES BANORTE RECIBIDOS, POR SERVICIO DE DEPOSITOS REMOTOS., REFERENCIA: 000003726042017
0004686365|27/06/2017|27/06/2017|0000000000|DEPOSITO REMOTO CHQS.BANORTE|080|4543|$1,625.76|$0.00|$4,170,357.93|341794|TOTAL DE          2 CHEQUES BANORTE RECIBIDOS, POR SERVICIO DE DEPOSITOS REMOTOS., REFERENCIA: 000000326042017
0004686365|27/06/2017|27/06/2017|0000000000|CARGO POR PAGO CONCENTRACION|503|8846|$0.00|$3,814,000.00|$356,357.93|341795|BEM INTERCAM BANCO  0000000000000000000000000000000107111049, AL RFC IBI061030GD4, RAS 88467117207830002621  FAC 002621
0004686365|27/06/2017|27/06/2017|0000000000|HSBC026646|003|5663|$12,939.40|$0.00|$369,297.33|341796|SPEI RECIBIDO DEL BANCO 0021 HSBC, DEL CLIENTE GAS METROPOLITANO  S A  DE C V, DE LA CLABE 021180040293499743   CON RFC GME540707CD1, CONCEPTO: TRASP DEL DIA HSBC A BNTE CONCENT, REFERENCIA: 1170427 CVE RAST: HSBC026646
0004686365|27/06/2017|27/06/2017|0000000000|2017042740014 TCT0000491849410|003|5663|$12,686.39|$0.00|$381,983.72|341797|SPEI RECIBIDO DEL BANCO 0014 SANTANDER, DEL CLIENTE GAS METROPOLITANO SA DE CV, DE LA CLABE 014180655015916550   CON RFC ND, CONCEPTO: TRASPASO DEL DIA SANTANDER A BANORTE, REFERENCIA: 0270417 CVE RAST: 2017042740014 TCT0000491849410
0004686365|27/06/2017|27/06/2017|0000000000|2017042740014 TCT0000491882610|003|5663|$756,653.76|$0.00|$1,138,637.48|341798|SPEI RECIBIDO DEL BANCO 0014 SANTANDER, DEL CLIENTE GAS METROPOLITANO SA DE CV, DE LA CLABE 014180655015916550   CON RFC ND, CONCEPTO: TRASPASO SANTANDER CLIENTES A BANORTE, REFERENCIA: 0270417 CVE RAST: 2017042740014 TCT0000491882610
0004686365|27/06/2017|27/06/2017|0000000000|DEP.EFECTIVO|000|1928|$3,470.00|$0.00|$1,142,107.48|341799|
0004686365|27/06/2017|27/06/2017|0000000000|2017042740014 TCT0000492097830|003|5663|$550,000.00|$0.00|$1,692,107.48|341800|SPEI RECIBIDO DEL BANCO 0014 SANTANDER, DEL CLIENTE GAS METROPOLITANO SA DE CV, DE LA CLABE 014180655019944968   CON RFC ND, CONCEPTO: TRASPASO SANTANDER REFERENCIADOA BANORTE, REFERENCIA: 0270417 CVE RAST: 2017042740014 TCT0000492097830
0004686365|27/06/2017|27/06/2017|0000000000|REF. EXTRANJERO: 7095177-01|504|8846|$0.00|$1,336,720.00|$355,387.48|341801|COMPRA Y VENTA DE DOLARES, IVA: 00000000.00  AL R.F.C. GME540707CD1
0004686365|27/06/2017|27/06/2017|0000000000|Comision x Internet 270417|538|8846|$0.00|$3.00|$355,384.48|341802|Compra Venta de Divisas
0004686365|27/06/2017|27/06/2017|0000000000|IVA Com  x Internet 270417|517|8846|$0.00|$0.48|$355,384.00|341803|Compra Venta de Divisas
0004686365|27/06/2017|27/06/2017|0000000000|DEP.EFECTIVO|000|0004|$29,617.50|$0.00|$385,001.50|341804|
0004686365|27/06/2017|27/06/2017|0000270417|DEPOSITO DE CUENTA PROPIA|262|8846|$760,000.00|$0.00|$1,145,001.50|341805|DE LA CUENTA 0662334059, TRASPASO EST CARB A CONCENTRAD
0004686365|27/06/2017|27/06/2017|0000000000|DEP.EFECTIVO|000|0004|$12,418.60|$0.00|$1,157,420.10|341806|
0004686365|27/06/2017|27/06/2017|0000000000|085902899300311772|003|5663|$107,954.56|$0.00|$1,265,374.66|341807|SPEI RECIBIDO DEL BANCO 0002 BANAMEX, DEL CLIENTE GAS METROPOLITANO SA DE CV, DE LA CLABE 002180020842869349   CON RFC GME540707CD1, CONCEPTO: DEP ELECT DEL DIA TRASP BTE CONCENTRADOR, REFERENCIA: 0012345 CVE RAST: 085902899300311772
0004686365|27/06/2017|27/06/2017|0000000000|DEP.EFECTIVO|000|0004|$350,000.00|$0.00|$1,615,374.66|341808|
0004686365|27/06/2017|27/06/2017|0000000000|DEP.EFECTIVO|000|0004|$300,000.00|$0.00|$1,915,374.66|341809|
0004686365|27/06/2017|27/06/2017|0000000000|DEP.EFECTIVO|000|0004|$290,000.00|$0.00|$2,205,374.66|341810|
0004686365|27/06/2017|27/06/2017|0000000000|DEP.EFECTIVO|000|0004|$280,000.00|$0.00|$2,485,374.66|341811|
0004686365|27/06/2017|27/06/2017|0000000000|DEP.EFECTIVO|000|0004|$270,000.00|$0.00|$2,755,374.66|341812|
0004686365|27/06/2017|27/06/2017|0000000000|DEP.EFECTIVO|000|0004|$260,000.00|$0.00|$3,015,374.66|341813|
0004686365|27/06/2017|27/06/2017|0000000000|DEP.EFECTIVO|000|0004|$50,000.00|$0.00|$3,065,374.66|341814|
0004686365|27/06/2017|27/06/2017|0027042017|TRASPASO A CUENTA PROPIA|790|8846|$0.00|$868,000.00|$2,197,374.66|341815|IVA:00000000.00    , A LA CUENTA 0559478361, TRASPASO PRESUPUESTO NOMINA AL R.F.C. GME540707CD1
0004686365|27/06/2017|27/06/2017|0000270417|TRASPASO A CUENTA PROPIA|790|8846|$0.00|$1,000,000.00|$1,197,374.66|341816|IVA:00000000.00    , A LA CUENTA 0559478361, TRASPASO PRESUPUESTO PROVEEDOR AL R.F.C. GME540707CD1
0004686365|28/06/2017|28/06/2017|0000000000|DEP.EFECTIVO|000|0679|$275,000.00|$0.00|$1,472,374.66|341817|
0004686365|28/06/2017|28/06/2017|0000000000|DEP.EFECTIVO|000|0679|$215,000.00|$0.00|$1,687,374.66|341818|
0004686365|28/06/2017|28/06/2017|0000000000|DEP.EFECTIVO|000|0679|$300,000.00|$0.00|$1,987,374.66|341819|
0004686365|28/06/2017|28/06/2017|0000000000|DEP.EFECTIVO|000|0679|$31,713.76|$0.00|$2,019,088.42|341820|
0004686365|28/06/2017|28/06/2017|0000000000|DEP.EFECTIVO|000|0004|$290,000.00|$0.00|$2,309,088.42|341821|
0004686365|28/06/2017|28/06/2017|0000000000|DEP.EFECTIVO|000|0004|$68,743.33|$0.00|$2,377,831.75|341822|
0004686365|28/06/2017|28/06/2017|0000000000|DEP.EFECTIVO|000|0004|$252,000.00|$0.00|$2,629,831.75|341823|
0004686365|28/06/2017|28/06/2017|0000000000|DEP.EFECTIVO|000|2011|$75,511.68|$0.00|$2,705,343.43|341824|
0004686365|28/06/2017|28/06/2017|0000000000|DEP.EFECTIVO|000|0004|$177,000.00|$0.00|$2,882,343.43|341825|
0004686365|28/06/2017|28/06/2017|0000000000|DEP.EFECTIVO|000|0684|$491,902.79|$0.00|$3,374,246.22|341826|
0004686365|28/06/2017|28/06/2017|0000000000|DEP.EFECTIVO|000|0004|$150,062.85|$0.00|$3,524,309.07|341827|
0004686365|28/06/2017|28/06/2017|0000000000|DEP.EFECTIVO|000|0684|$472,000.00|$0.00|$3,996,309.07|341828|
0004686365|28/06/2017|28/06/2017|0000280417|DEPOSITO DE CUENTA DE TERCEROS|263|8846|$19,833.24|$0.00|$4,016,142.31|341829|DE LA CUENTA 0812929586, PAGO FACT SJOI 4934
0004686365|28/06/2017|28/06/2017|0000000000|DEP.EFECTIVO|000|2011|$296,000.00|$0.00|$4,312,142.31|341830|
0004686365|28/06/2017|28/06/2017|0000000000|DEP.EFECTIVO|000|0004|$245,220.24|$0.00|$4,557,362.55|341831|
0004686365|28/06/2017|28/06/2017|0000000000|DEP.EFECTIVO|000|0004|$18,825.40|$0.00|$4,576,187.95|341832|
0004686365|28/06/2017|28/06/2017|0000000000|DEP.EFECTIVO|000|0004|$11,808.00|$0.00|$4,587,995.95|341833|
0004686365|28/06/2017|28/06/2017|0000000000|085901819080311872|003|5663|$88,286.22|$0.00|$4,676,282.17|341834|SPEI RECIBIDO DEL BANCO 0002 BANAMEX, DEL CLIENTE GAS METROPOLITANO SA DE CV, DE LA CLABE 002180020842869349   CON RFC GME540707CD1, CONCEPTO: DEP ELECT DEL DIA TRASP BTE CONCENTRADOR, REFERENCIA: 0012345 CVE RAST: 085901819080311872
0004686365|28/06/2017|28/06/2017|0000000000|DEP.EFECTIVO|000|2011|$161,000.00|$0.00|$4,837,282.17|341835|
0004686365|28/06/2017|28/06/2017|0000000000|DEP.EFECTIVO|000|0004|$195,000.00|$0.00|$5,032,282.17|341836|
0004686365|28/06/2017|02/05/2017|0000000000|DEP. REMOTO CH. SBC 3483735|006|4543|$3,104.54|$0.00|$5,035,386.71|341837|CHEQUE RECIBIDO SBC POR SERVICIO DE DEPOSITOS REMOTOS, BCO. 042 CTA. 00340053532 NO.CHEQUE 3483735, REFERENCIA: 000019827042017
0004686365|28/06/2017|02/05/2017|0000000000|DEP. REMOTO CH. SBC 0000250|006|4543|$1,254.52|$0.00|$5,036,641.23|341838|CHEQUE RECIBIDO SBC POR SERVICIO DE DEPOSITOS REMOTOS, BCO. 019 CTA. 00056001550 NO.CHEQUE 0000250, REFERENCIA: 000000327042017
0004686365|28/06/2017|02/05/2017|0000000000|DEP. REMOTO CH. SBC 0006665|006|4543|$404.00|$0.00|$5,037,045.23|341839|CHEQUE RECIBIDO SBC POR SERVICIO DE DEPOSITOS REMOTOS, BCO. 036 CTA. 50030972859 NO.CHEQUE 0006665, REFERENCIA: 000000327042017
0004686365|28/06/2017|02/05/2017|0000000000|DEP. REMOTO CH. SBC 0006699|006|4543|$436.00|$0.00|$5,037,481.23|341840|CHEQUE RECIBIDO SBC POR SERVICIO DE DEPOSITOS REMOTOS, BCO. 036 CTA. 50030972859 NO.CHEQUE 0006699, REFERENCIA: 000000327042017
0004686365|28/06/2017|02/05/2017|0000000000|DEP. REMOTO CH. SBC 0000020|006|4543|$880.00|$0.00|$5,038,361.23|341841|CHEQUE RECIBIDO SBC POR SERVICIO DE DEPOSITOS REMOTOS, BCO. 044 CTA. 00105825898 NO.CHEQUE 0000020, REFERENCIA: 000000327042017
0004686365|28/06/2017|02/05/2017|0000000000|DEP. REMOTO CH. SBC 0001374|006|4543|$1,200.00|$0.00|$5,039,561.23|341842|CHEQUE RECIBIDO SBC POR SERVICIO DE DEPOSITOS REMOTOS, BCO. 044 CTA. 00100525359 NO.CHEQUE 0001374, REFERENCIA: 000000327042017
0004686365|28/06/2017|02/05/2017|0000000000|DEP. REMOTO CH. SBC 0003543|006|4543|$1,350.00|$0.00|$5,040,911.23|341843|CHEQUE RECIBIDO SBC POR SERVICIO DE DEPOSITOS REMOTOS, BCO. 044 CTA. 00104776623 NO.CHEQUE 0003543, REFERENCIA: 000000327042017
0004686365|28/06/2017|02/05/2017|0000000000|DEP. REMOTO CH. SBC 0000696|006|4543|$1,826.20|$0.00|$5,042,737.43|341844|CHEQUE RECIBIDO SBC POR SERVICIO DE DEPOSITOS REMOTOS, BCO. 044 CTA. 00101429353 NO.CHEQUE 0000696, REFERENCIA: 000000327042017
0004686365|28/06/2017|02/05/2017|0000000000|DEP. REMOTO CH. SBC 0000505|006|4543|$10,000.00|$0.00|$5,052,737.43|341845|CHEQUE RECIBIDO SBC POR SERVICIO DE DEPOSITOS REMOTOS, BCO. 036 CTA. 50022246096 NO.CHEQUE 0000505, REFERENCIA: 000019827042017
0004686365|28/06/2017|02/05/2017|0000000000|DEP. REMOTO CH. SBC 0000979|006|4543|$16,816.00|$0.00|$5,069,553.43|341846|CHEQUE RECIBIDO SBC POR SERVICIO DE DEPOSITOS REMOTOS, BCO. 036 CTA. 50021435419 NO.CHEQUE 0000979, REFERENCIA: 000019827042017
0004686365|28/06/2017|02/05/2017|0000000000|DEP. REMOTO CH. SBC 0000323|006|4543|$9,362.50|$0.00|$5,078,915.93|341847|CHEQUE RECIBIDO SBC POR SERVICIO DE DEPOSITOS REMOTOS, BCO. 030 CTA. 90000927535 NO.CHEQUE 0000323, REFERENCIA: 000019827042017
0004686365|28/06/2017|02/05/2017|0000000000|DEP. REMOTO CH. SBC 0000018|006|4543|$13,362.00|$0.00|$5,092,277.93|341848|CHEQUE RECIBIDO SBC POR SERVICIO DE DEPOSITOS REMOTOS, BCO. 030 CTA. 90000962589 NO.CHEQUE 0000018, REFERENCIA: 000019827042017
0004686365|28/06/2017|02/05/2017|0000000000|DEP. REMOTO CH. SBC 0000439|006|4543|$16,290.00|$0.00|$5,108,567.93|341849|CHEQUE RECIBIDO SBC POR SERVICIO DE DEPOSITOS REMOTOS, BCO. 030 CTA. 90000936157 NO.CHEQUE 0000439, REFERENCIA: 000019827042017
0004686365|28/06/2017|28/06/2017|0000000000|DEPOSITO REMOTO CHQS.BANORTE|080|4543|$4,001.54|$0.00|$5,112,569.47|341850|TOTAL DE          3 CHEQUES BANORTE RECIBIDOS, POR SERVICIO DE DEPOSITOS REMOTOS., REFERENCIA: 000000327042017
0004686365|28/06/2017|28/06/2017|0000000000|DEPOSITO REMOTO CHQS.BANORTE|080|4543|$7,177.62|$0.00|$5,119,747.09|341851|TOTAL DE          4 CHEQUES BANORTE RECIBIDOS, POR SERVICIO DE DEPOSITOS REMOTOS., REFERENCIA: 000000072704207
0004686365|28/06/2017|28/06/2017|0000000000|DEPOSITO REMOTO CHQS.BANORTE|080|4543|$167,791.69|$0.00|$5,287,538.78|341852|TOTAL DE         12 CHEQUES BANORTE RECIBIDOS, POR SERVICIO DE DEPOSITOS REMOTOS., REFERENCIA: 000019827042017
0004686365|28/06/2017|28/06/2017|0000000000|DEPOSITO REMOTO CHQS.BANORTE|080|4543|$1,484.78|$0.00|$5,289,023.56|341853|TOTAL DE          1 CHEQUES BANORTE RECIBIDOS, POR SERVICIO DE DEPOSITOS REMOTOS., REFERENCIA: 000003727042017
0004686365|28/06/2017|28/06/2017|0000000000|DEPOSITO REMOTO CHQS.BANORTE|080|4543|$1,730.00|$0.00|$5,290,753.56|341854|TOTAL DE          1 CHEQUES BANORTE RECIBIDOS, POR SERVICIO DE DEPOSITOS REMOTOS., REFERENCIA: 000019827042017
0004686365|28/06/2017|28/06/2017|0000000000|3573320202|003|5663|$1,418,000.00|$0.00|$6,708,753.56|341855|SPEI RECIBIDO DEL BANCO 0044 SCOTIABANK, DEL CLIENTE GAS METROPOLITANO SA DE CV, DE LA CLABE 044180001005708509   CON RFC ND, CONCEPTO: TRASPASO CONCENTRADORA BANORTE, REFERENCIA: 0280417 CVE RAST: 3573320202
0004686365|28/06/2017|28/06/2017|0000280417|TRASPASO A CUENTA PROPIA|790|8846|$0.00|$416,762.58|$6,291,990.98|341856|IVA:00000000.00    , A LA CUENTA 0089348641, TRASPASO PAGO PEMEX AL R.F.C. GME540707CD1
0004686365|28/06/2017|28/06/2017|0000000000|002601001704280000151143|003|5663|$107,222.28|$0.00|$6,399,213.26|341857|SPEI RECIBIDO DEL BANCO 0012 BBVA BANCOMER, DEL CLIENTE GAS METROPOLITANO SA DE CV, DE LA CLABE 012180001543555987   CON RFC GME540707CD1, CONCEPTO: TRASPASO BANCOMER A BANORTE CONCENTRADOR, REFERENCIA: 0270417 CVE RAST: 002601001704280000151143
0004686365|28/06/2017|28/06/2017|0000280417|DEPOSITO DE CUENTA PROPIA|262|8846|$1,100,000.00|$0.00|$7,499,213.26|341858|DE LA CUENTA 0515492550, TRASPASO TPV A CONCENTRADORA
0004686365|28/06/2017|28/06/2017|0000000000|CARGO POR PAGO CONCENTRACION|503|8846|$0.00|$3,814,000.00|$3,685,213.26|341859|BEM INTERCAM BANCO  0000000000000000000000000000000107111049, AL RFC IBI061030GD4, RAS 88467118405563002621  FAC 002621
0004686365|28/06/2017|28/06/2017|0000280417|DEPOSITO DE CUENTA PROPIA|262|8846|$180,000.00|$0.00|$3,865,213.26|341860|DE LA CUENTA 0526140549, TRASPASO REF A CONCENTRADORA
0004686365|28/06/2017|28/06/2017|0000280417|DEPOSITO DE CUENTA PROPIA|262|8846|$40,000.00|$0.00|$3,905,213.26|341861|DE LA CUENTA 0513099508, TRASPASO INTERNET A CONCENTRAD
0004686365|28/06/2017|28/06/2017|0000000000|CARGO POR PAGO CONCENTRACION|503|8846|$0.00|$3,819,600.00|$85,613.26|341862|BEM INTERCAM BANCO  0000000000000000000000000000000107111049, AL RFC IBI061030GD4, RAS 88467118410892002621  FAC 002621
0004686365|28/06/2017|28/06/2017|0000000000|HSBC072518|003|5663|$29,690.46|$0.00|$115,303.72|341863|SPEI RECIBIDO DEL BANCO 0021 HSBC, DEL CLIENTE GAS METROPOLITANO  S A  DE C V, DE LA CLABE 021180040293499743   CON RFC GME540707CD1, CONCEPTO: TRASP DEL DIA HSBC A BNTE CONCENT, REFERENCIA: 1170428 CVE RAST: HSBC072518
0004686365|28/06/2017|28/06/2017|0000000000|2017042840014 TCT0000454774930|003|5663|$86,225.89|$0.00|$201,529.61|341864|SPEI RECIBIDO DEL BANCO 0014 SANTANDER, DEL CLIENTE GAS METROPOLITANO SA DE CV, DE LA CLABE 014180655015916550   CON RFC ND, CONCEPTO: TRASPASO DEL DIA SANTANDER A BANORTE, REFERENCIA: 0280417 CVE RAST: 2017042840014 TCT0000454774930
0004686365|28/06/2017|28/06/2017|0000000000|DEP.EFECTIVO|000|0004|$294,354.91|$0.00|$495,884.52|341865|
0004686365|28/06/2017|28/06/2017|0000000000|DEP.EFECTIVO|000|0004|$2,000.00|$0.00|$497,884.52|341866|
0004686365|28/06/2017|28/06/2017|0000000000|DEP.EFECTIVO|000|0004|$1,100.00|$0.00|$498,984.52|341867|
0004686365|28/06/2017|02/05/2017|0000000000|CHQ.LOC.000001|006|0004|$682.84|$0.00|$499,667.36|341868|BCO :0017 CTA. 0000456403514 NO.CHEQUE 0000000001
0004686365|28/06/2017|28/06/2017|0000000000|HSBC076710|003|5663|$1,350,000.00|$0.00|$1,849,667.36|341869|SPEI RECIBIDO DEL BANCO 0021 HSBC, DEL CLIENTE GAS METROPOLITANO  S A  DE C V, DE LA CLABE 021180040195032347   CON RFC GME540707CD1, CONCEPTO: TRASP HSBC 3234 A BNTE CONCENT, REFERENCIA: 1170428 CVE RAST: HSBC076710
0004686365|28/06/2017|28/06/2017|0000000000|HSBC077726|003|5663|$580,000.00|$0.00|$2,429,667.36|341870|SPEI RECIBIDO DEL BANCO 0021 HSBC, DEL CLIENTE GAS METROPOLITANO  S A  DE C V, DE LA CLABE 021180040270312102   CON RFC GME540707CD1, CONCEPTO: TRASP HSBC 1210 A BNTE CONCENT, REFERENCIA: 1170428 CVE RAST: HSBC077726
0004686365|28/06/2017|28/06/2017|0000000000|085903997780311875|003|5663|$3,255,000.00|$0.00|$5,684,667.36|341871|SPEI RECIBIDO DEL BANCO 0002 BANAMEX, DEL CLIENTE GAS METROPOLITANO SA DE CV, DE LA CLABE 002180020800108615   CON RFC GME540707CD1, CONCEPTO: TRASPASO CONCENTRADORA BANORTE, REFERENCIA: 0012345 CVE RAST: 085903997780311875
0004686365|28/06/2017|28/06/2017|0000000000|2017042840014 TCT0000456254220|003|5663|$131,504.64|$0.00|$5,816,172.00|341872|SPEI RECIBIDO DEL BANCO 0014 SANTANDER, DEL CLIENTE GAS METROPOLITANO SA DE CV, DE LA CLABE 014180655015916550   CON RFC ND, CONCEPTO: TRASPASO SANTANDER RECUPERADOS A BANORTE, REFERENCIA: 0280417 CVE RAST: 2017042840014 TCT0000456254220
0004686365|28/06/2017|28/06/2017|0000000000|2017042840014 TCT0000456253840|003|5663|$958,016.91|$0.00|$6,774,188.91|341873|SPEI RECIBIDO DEL BANCO 0014 SANTANDER, DEL CLIENTE GAS METROPOLITANO SA DE CV, DE LA CLABE 014180655015916550   CON RFC ND, CONCEPTO: TRASPASO SANTANDER CLIENTES A BANORTE, REFERENCIA: 0280417 CVE RAST: 2017042840014 TCT0000456253840
0004686365|28/06/2017|28/06/2017|0000000000|2017042840014 TCT0000456254460|003|5663|$50,000.00|$0.00|$6,824,188.91|341874|SPEI RECIBIDO DEL BANCO 0014 SANTANDER, DEL CLIENTE GAS METROPOLITANO SA DE CV, DE LA CLABE 014180655019944968   CON RFC ND, CONCEPTO: TRASPASO SANTANDER REFERENCIAD A BANORTE, REFERENCIA: 0280417 CVE RAST: 2017042840014 TCT0000456254460
0004686365|28/06/2017|28/06/2017|0028042017|DEPOSITO DE CUENTA DE TERCEROS|263|8846|$3,212,937.70|$0.00|$10,037,126.61|341875|DE LA CUENTA 0641016659, PAGO FACTURAS VARIAS
0004686365|28/06/2017|28/06/2017|0000000000|CARGO POR PAGO CONCENTRACION|503|8846|$0.00|$37,780.00|$9,999,346.61|341876|BEM INTERCAM BANCO  0000000000000000000000000000000107111049, AL RFC IBI061030GD4, RAS 88467118478722002621  FAC 002621
0004686365|28/06/2017|28/06/2017|0000000000|CARGO POR PAGO CONCENTRACION|503|8846|$0.00|$9,450,000.00|$549,346.61|341877|BEM INTERCAM BANCO  0000000000000000000000000000000107111049, AL RFC IBI061030GD4, RAS 88467118478723002621  FAC 002621
0004686365|28/06/2017|28/06/2017|0000000000|002601001704280000230882|003|5663|$150,478.05|$0.00|$699,824.66|341878|SPEI RECIBIDO DEL BANCO 0012 BBVA BANCOMER, DEL CLIENTE GAS METROPOLITANO SA DE CV, DE LA CLABE 012180001543555987   CON RFC GME540707CD1, CONCEPTO: TRASPASO BANCOMER A BANORTE CONCENTRADOR, REFERENCIA: 0280417 CVE RAST: 002601001704280000230882
0004686365|28/06/2017|28/06/2017|0000280417|TRASPASO A CUENTA PROPIA|790|8846|$0.00|$620,000.00|$79,824.66|341879|IVA:00000000.00    , A LA CUENTA 0559478361, TRASPASO PRESUPUESTO PROVEEDOR AL R.F.C. GME540707CD1
0004686365|28/06/2017|28/06/2017|0000000000|002601001704280000171173|003|5663|$1,025,000.00|$0.00|$1,104,824.66|341880|SPEI RECIBIDO DEL BANCO 0012 BBVA BANCOMER, DEL CLIENTE GAS METROPOLITANO SA DE CV, DE LA CLABE 012180001100072777   CON RFC GME540707CD1, CONCEPTO: TRASPASO BANCOMER A BANORTE CONCENTRADOR, REFERENCIA: 0280417 CVE RAST: 002601001704280000171173
0004686365|28/06/2017|28/06/2017|0000280417|TRASPASO A CUENTA PROPIA|790|8846|$0.00|$600,000.00|$504,824.66|341881|IVA:00000000.00    , A LA CUENTA 0559478361, TRASPASO PRESUPUESTO PROVEEDOR AL R.F.C. GME540707CD1
0004686365|28/06/2017|28/06/2017|0000280417|TRASPASO DE CTA :   0559478361|004|4264|$21,776.66|$0.00|$526,601.32|341882|DE CUENTA  0559478361, TERCEROS