Cuenta|Fecha de Operación|Fecha|Referencia|Descripcion|Cod. Transac|Sucursal|Depósitos|Retiros|Saldo|Movimiento|Descripción Detallada|Cheque
0175038679|01/03/2016|03/03/2016|0000000000|DEP.EFECTIVO|000|0679|$3,491.80|$0.00|$430,721.89|340989|
0175038679|03/03/2016|03/03/2016|0000000000|DEP.EFECTIVO|000|0004|$3,200.00|$0.00|$479,455.07|340990|
0175038679|03/03/2016|03/03/2016|0000000000|DEP.EFECTIVO|000|0004|$6,400.00|$0.00|$547,785.57|340991|
0175038679|03/03/2016|03/03/2016|0000000000|DEP.EFECTIVO|000|0004|$320.00|$0.00|$560,648.87|340992|
0175038679|03/03/2016|03/03/2016|0000000000|DEP.EFECTIVO|000|0004|$1,280.00|$0.00|$653,387.92|340993|
0175038679|03/03/2016|03/03/2016|0000000000|DEP.EFECTIVO|000|0004|$3,600.00|$0.00|$690,668.00|340994|
0175038679|03/03/2016|03/03/2016|0000000000|DEP.EFECTIVO|000|0004|$10,502.00|$0.00|$701,170.00|340995|
0175038679|03/03/2016|03/03/2016|0000000000|DEP.EFECTIVO|000|0004|$59,670.49|$0.00|$760,840.49|340996|
0175038679|03/03/2016|03/03/2016|0000000000|DEPOSITO EN EFECTIVO|000|0357|$1,400.00|$0.00|$762,240.49|340997|MEXICO
0175038679|03/03/2016|03/03/2016|0000030417|TRASPASO A CUENTA PROPIA|790|8846|$0.00|$500,000.00|$262,240.49|340998|IVA:00000000.00    , A LA CUENTA 0559478361, TRASPASO PRESUPUESTO PROVEEDOR AL R.F.C. GME540707CD1
0175038679|03/03/2016|03/03/2016|0000000000|DEP.EFECTIVO|000|0004|$190,320.93|$0.00|$452,561.42|340999|
0175038679|03/03/2016|03/03/2016|0000000000|DEP.EFECTIVO|000|0684|$131,051.06|$0.00|$583,612.48|341000|
0175038679|03/03/2016|03/03/2016|0000000000|DEP.EFECTIVO|000|0004|$28,676.60|$0.00|$612,289.08|341001|
0175038679|03/03/2016|03/03/2016|0000000000|DEP.EFECTIVO|000|0004|$55,752.37|$0.00|$668,041.45|341002|
0175038679|03/03/2016|03/03/2016|0000000000|DEP.EFECTIVO|000|0684|$356,681.85|$0.00|$1,024,723.30|341003|
0175038679|03/03/2016|03/03/2016|0000000000|DEP.EFECTIVO|000|0004|$101,000.00|$0.00|$1,125,723.30|341004|
0175038679|03/03/2016|03/03/2016|0000000000|DEP.EFECTIVO|000|0004|$31,723.00|$0.00|$1,157,446.30|341005|
0175038679|03/03/2016|03/03/2016|0000000000|DEP.EFECTIVO|000|0004|$10,000.00|$0.00|$1,167,446.30|341006|
0175038679|03/03/2016|03/03/2016|0000000000|DEP.EFECTIVO|000|0013|$639,342.95|$0.00|$1,806,789.25|341007|
0175038679|03/03/2016|03/03/2016|0000000000|HSBC038142|003|5663|$99,748.02|$0.00|$1,906,537.27|341008|SPEI RECIBIDO DEL BANCO 0021 HSBC, DEL CLIENTE GAS METROPOLITANO  S A  DE C V, DE LA CLABE 021180040293499743   CON RFC GME540707CD1, CONCEPTO: TRASP DEL DIA HSBC A BNTE CONCENT, REFERENCIA: 1170403 CVE RAST: HSBC038142
0175038679|03/03/2016|04/03/2016|0000000000|DEP. REMOTO CH. SBC 0001357|006|4543|$3,663.68|$0.00|$1,910,200.95|341009|CHEQUE RECIBIDO SBC POR SERVICIO DE DEPOSITOS REMOTOS, BCO. 044 CTA. 00106727135 NO.CHEQUE 0001357, REFERENCIA: 000000231032017
0175038679|03/03/2016|04/03/2016|0000000000|DEP. REMOTO CH. SBC 0005270|006|4543|$8,632.26|$0.00|$1,918,833.21|341010|CHEQUE RECIBIDO SBC POR SERVICIO DE DEPOSITOS REMOTOS, BCO. 044 CTA. 00100873152 NO.CHEQUE 0005270, REFERENCIA: 000000231032017
0175038679|03/03/2016|04/03/2016|0000000000|DEP. REMOTO CH. SBC 0000077|006|4543|$4,245.76|$0.00|$1,923,078.97|341011|CHEQUE RECIBIDO SBC POR SERVICIO DE DEPOSITOS REMOTOS, BCO. 044 CTA. 00102009839 NO.CHEQUE 0000077, REFERENCIA: 000003731032017
0175038679|03/03/2016|04/03/2016|0000000000|DEP. REMOTO CH. SBC 3483724|006|4543|$3,079.44|$0.00|$1,926,158.41|341012|CHEQUE RECIBIDO SBC POR SERVICIO DE DEPOSITOS REMOTOS, BCO. 042 CTA. 00340053532 NO.CHEQUE 3483724, REFERENCIA: 000019831032017
0175038679|03/03/2016|04/03/2016|0000000000|DEP. REMOTO CH. SBC 0000179|006|4543|$7,437.74|$0.00|$1,933,596.15|341013|CHEQUE RECIBIDO SBC POR SERVICIO DE DEPOSITOS REMOTOS, BCO. 044 CTA. 00101407745 NO.CHEQUE 0000179, REFERENCIA: 000003731032017
