Cuenta|Fecha de Operación|Referencia|Descripcion|Cod. Transac|Sucursal|Depósitos|Retiros|Saldo|Movimiento|Descripción Detallada
0004686365|01/07/2013|0000000000|DEPOSITO EN EFECTIVO|000|0357|$600.00|$0.00|$260,136.90|294968|MEXICO
0004686365|01/07/2013|0000000000|DEPOSITO EN EFECTIVO|000|0357|$20,621.60|$0.00|$280,758.50|294969|MEXICO
0004686365|01/07/2013|0000000000|DEPOSITO EN EFECTIVO|000|0357|$1,730.00|$0.00|$282,488.50|294970|MEXICO
0004686365|01/07/2013|0000000000|DEPOSITO EN EFECTIVO|000|0357|$43,352.50|$0.00|$325,841.00|294971|MEXICO
0004686365|01/07/2013|0000000000|DEPOSITO EN EFECTIVO|000|0357|$21,499.70|$0.00|$347,340.70|294972|MEXICO
0004686365|01/07/2013|0000000000|DEP. REMOTO CH. SBC 0001012|006|4543|$2,141.19|$0.00|$349,481.89|294973|CHEQUE RECIBIDO SBC POR SERVICIO DE DEPOSITOS REMOTOS, BCO. 032 CTA. 00017314402 NO.CHEQUE 0001012, REFERENCIA:
0004686365|01/07/2013|0000000000|DEP. REMOTO CH. SBC 0004134|006|4543|$3,465.77|$0.00|$352,947.66|294974|CHEQUE RECIBIDO SBC POR SERVICIO DE DEPOSITOS REMOTOS, BCO. 032 CTA. 00014888963 NO.CHEQUE 0004134, REFERENCIA:
0004686365|01/07/2013|0000000000|DEP. REMOTO CH. SBC 0003814|006|4543|$5,587.67|$0.00|$358,535.33|294975|CHEQUE RECIBIDO SBC POR SERVICIO DE DEPOSITOS REMOTOS, BCO. 032 CTA. 00015628744 NO.CHEQUE 0003814, REFERENCIA:
0004686365|01/07/2013|0000000000|DEP. REMOTO CH. SBC 0782379|006|4543|$2,002.26|$0.00|$360,537.59|294976|CHEQUE RECIBIDO SBC POR SERVICIO DE DEPOSITOS REMOTOS, BCO. 032 CTA. 00015198111 NO.CHEQUE 0782379, REFERENCIA:
0004686365|01/07/2013|0000000000|DEP. REMOTO CH. SBC 9918612|006|4543|$7,239.96|$0.00|$367,777.55|294977|CHEQUE RECIBIDO SBC POR SERVICIO DE DEPOSITOS REMOTOS, BCO. 032 CTA. 00013178792 NO.CHEQUE 9918612, REFERENCIA:
0004686365|01/07/2013|0000000000|DEP. REMOTO CH. SBC 9213188|006|4543|$17,029.76|$0.00|$384,807.31|294978|CHEQUE RECIBIDO SBC POR SERVICIO DE DEPOSITOS REMOTOS, BCO. 032 CTA. 00013114328 NO.CHEQUE 9213188, REFERENCIA:
0004686365|01/07/2013|0000000000|DEP. REMOTO CH. SBC 0000144|006|4543|$1,223.15|$0.00|$386,030.46|294979|CHEQUE RECIBIDO SBC POR SERVICIO DE DEPOSITOS REMOTOS, BCO. 044 CTA. 00103076163 NO.CHEQUE 0000144, REFERENCIA:
0004686365|01/07/2013|0000000000|DEP. REMOTO CH. SBC 0824987|006|4543|$1,001.15|$0.00|$387,031.61|294980|CHEQUE RECIBIDO SBC POR SERVICIO DE DEPOSITOS REMOTOS, BCO. 032 CTA. 00016397762 NO.CHEQUE 0824987, REFERENCIA:
0004686365|01/07/2013|0000000000|DEP. REMOTO CH. SBC 0000184|006|4543|$698.54|$0.00|$387,730.15|294981|CHEQUE RECIBIDO SBC POR SERVICIO DE DEPOSITOS REMOTOS, BCO. 036 CTA. 50016694424 NO.CHEQUE 0000184, REFERENCIA:
0004686365|01/07/2013|0000000000|DEP. REMOTO CH. SBC 0000147|006|4543|$3,454.23|$0.00|$391,184.38|294982|CHEQUE RECIBIDO SBC POR SERVICIO DE DEPOSITOS REMOTOS, BCO. 143 CTA. 00000394696 NO.CHEQUE 0000147, REFERENCIA:
0004686365|01/07/2013|0000000000|DEP. REMOTO CH. SBC 0007266|006|4543|$404.43|$0.00|$391,588.81|294983|CHEQUE RECIBIDO SBC POR SERVICIO DE DEPOSITOS REMOTOS, BCO. 044 CTA. 00104417356 NO.CHEQUE 0007266, REFERENCIA:
0004686365|01/07/2013|0000000000|DEP. REMOTO CH. SBC 0001245|006|4543|$44,914.93|$0.00|$436,503.74|294984|CHEQUE RECIBIDO SBC POR SERVICIO DE DEPOSITOS REMOTOS, BCO. 032 CTA. 00015412377 NO.CHEQUE 0001245, REFERENCIA:
0004686365|01/07/2013|0000000000|DEP. REMOTO CH. SBC 0000621|006|4543|$1,617.72|$0.00|$438,121.46|294985|CHEQUE RECIBIDO SBC POR SERVICIO DE DEPOSITOS REMOTOS, BCO. 044 CTA. 00101908251 NO.CHEQUE 0000621, REFERENCIA:
0004686365|01/07/2013|0000000000|DEP. REMOTO CH. SBC 0392428|006|4543|$1,485.12|$0.00|$439,606.58|294986|CHEQUE RECIBIDO SBC POR SERVICIO DE DEPOSITOS REMOTOS, BCO. 032 CTA. 00014163195 NO.CHEQUE 0392428, REFERENCIA:
0004686365|01/07/2013|0000000000|DEP. REMOTO CH. SBC 0004794|006|4543|$4,488.51|$0.00|$444,095.09|294987|CHEQUE RECIBIDO SBC POR SERVICIO DE DEPOSITOS REMOTOS, BCO. 032 CTA. 00012378542 NO.CHEQUE 0004794, REFERENCIA:
0004686365|01/07/2013|0000000000|DEP. REMOTO CH. SBC 9918537|006|4543|$8,609.01|$0.00|$452,704.10|294988|CHEQUE RECIBIDO SBC POR SERVICIO DE DEPOSITOS REMOTOS, BCO. 032 CTA. 00013178806 NO.CHEQUE 9918537, REFERENCIA:
0004686365|01/07/2013|0000000000|DEP. REMOTO CH. SBC 8755276|006|4543|$775.71|$0.00|$453,479.81|294989|CHEQUE RECIBIDO SBC POR SERVICIO DE DEPOSITOS REMOTOS, BCO. 032 CTA. 00011009128 NO.CHEQUE 8755276, REFERENCIA:
0004686365|01/07/2013|0000000000|DEP. REMOTO CH. SBC 0001884|006|4543|$3,000.00|$0.00|$456,479.81|294990|CHEQUE RECIBIDO SBC POR SERVICIO DE DEPOSITOS REMOTOS, BCO. 036 CTA. 12942820010 NO.CHEQUE 0001884, REFERENCIA:
0004686365|01/07/2013|0000000000|DEP. REMOTO CH. SBC 0000156|006|4543|$500.00|$0.00|$456,979.81|294991|CHEQUE RECIBIDO SBC POR SERVICIO DE DEPOSITOS REMOTOS, BCO. 044 CTA. 00105843413 NO.CHEQUE 0000156, REFERENCIA:
0004686365|01/07/2013|0000000000|DEP. REMOTO CH. SBC 0001697|006|4543|$1,863.00|$0.00|$458,842.81|294992|CHEQUE RECIBIDO SBC POR SERVICIO DE DEPOSITOS REMOTOS, BCO. 044 CTA. 00101461257 NO.CHEQUE 0001697, REFERENCIA:
0004686365|01/07/2013|0000000000|DEP. REMOTO CH. SBC 9944208|006|4543|$500.00|$0.00|$459,342.81|294993|CHEQUE RECIBIDO SBC POR SERVICIO DE DEPOSITOS REMOTOS, BCO. 032 CTA. 00013218433 NO.CHEQUE 9944208, REFERENCIA:
0004686365|01/07/2013|0000000000|DEP. REMOTO CH. SBC 0000362|006|4543|$4,700.00|$0.00|$464,042.81|294994|CHEQUE RECIBIDO SBC POR SERVICIO DE DEPOSITOS REMOTOS, BCO. 032 CTA. 00016227263 NO.CHEQUE 0000362, REFERENCIA:
0004686365|01/07/2013|0000000000|DEP. REMOTO CH. SBC 0000834|006|4543|$1,595.00|$0.00|$465,637.81|294995|CHEQUE RECIBIDO SBC POR SERVICIO DE DEPOSITOS REMOTOS, BCO. 036 CTA. 40125732986 NO.CHEQUE 0000834, REFERENCIA:
0004686365|01/07/2013|0000000000|DEP. REMOTO CH. SBC 0000098|006|4543|$1,000.00|$0.00|$466,637.81|294996|CHEQUE RECIBIDO SBC POR SERVICIO DE DEPOSITOS REMOTOS, BCO. 030 CTA. 77673790201 NO.CHEQUE 0000098, REFERENCIA:
0004686365|01/07/2013|0000000000|DEP. REMOTO CH. SBC 0000013|006|4543|$10,110.00|$0.00|$476,747.81|294997|CHEQUE RECIBIDO SBC POR SERVICIO DE DEPOSITOS REMOTOS, BCO. 032 CTA. 08001251676 NO.CHEQUE 0000013, REFERENCIA:
0004686365|01/07/2013|0000000000|DEP. REMOTO CH. SBC 0000737|006|4543|$1,000.00|$0.00|$477,747.81|294998|CHEQUE RECIBIDO SBC POR SERVICIO DE DEPOSITOS REMOTOS, BCO. 044 CTA. 00103738485 NO.CHEQUE 0000737, REFERENCIA:
0004686365|01/07/2013|0000000000|DEP. REMOTO CH. SBC 0000072|006|4543|$663.00|$0.00|$478,410.81|294999|CHEQUE RECIBIDO SBC POR SERVICIO DE DEPOSITOS REMOTOS, BCO. 030 CTA. 78468350201 NO.CHEQUE 0000072, REFERENCIA:
0004686365|01/07/2013|0000000000|DEP. REMOTO CH. SBC 0000900|006|4543|$1,459.00|$0.00|$479,869.81|295000|CHEQUE RECIBIDO SBC POR SERVICIO DE DEPOSITOS REMOTOS, BCO. 044 CTA. 00106466745 NO.CHEQUE 0000900, REFERENCIA:
0004686365|01/07/2013|0000000000|DEP. REMOTO CH. SBC 0000213|006|4543|$300.00|$0.00|$480,169.81|295001|CHEQUE RECIBIDO SBC POR SERVICIO DE DEPOSITOS REMOTOS, BCO. 044 CTA. 00104059298 NO.CHEQUE 0000213, REFERENCIA:
0004686365|01/07/2013|0000000000|DEP. REMOTO CH. SBC 0003236|006|4543|$842.00|$0.00|$481,011.81|295002|CHEQUE RECIBIDO SBC POR SERVICIO DE DEPOSITOS REMOTOS, BCO. 044 CTA. 00104435001 NO.CHEQUE 0003236, REFERENCIA:
0004686365|01/07/2013|0000000000|DEP. REMOTO CH. SBC 0000066|006|4543|$994.50|$0.00|$482,006.31|295003|CHEQUE RECIBIDO SBC POR SERVICIO DE DEPOSITOS REMOTOS, BCO. 044 CTA. 00104228839 NO.CHEQUE 0000066, REFERENCIA:
0004686365|01/07/2013|0000000000|DEP. REMOTO CH. SBC 0010340|006|4543|$4,000.00|$0.00|$486,006.31|295004|CHEQUE RECIBIDO SBC POR SERVICIO DE DEPOSITOS REMOTOS, BCO. 044 CTA. 00107893132 NO.CHEQUE 0010340, REFERENCIA:
0004686365|01/07/2013|0000000000|DEP. REMOTO CH. SBC 0001492|006|4543|$3,116.10|$0.00|$489,122.41|295005|CHEQUE RECIBIDO SBC POR SERVICIO DE DEPOSITOS REMOTOS, BCO. 036 CTA. 50006969335 NO.CHEQUE 0001492, REFERENCIA:
0004686365|01/07/2013|0000000000|DEP. REMOTO CH. SBC 0001491|006|4543|$3,182.40|$0.00|$492,304.81|295006|CHEQUE RECIBIDO SBC POR SERVICIO DE DEPOSITOS REMOTOS, BCO. 036 CTA. 50006969335 NO.CHEQUE 0001491, REFERENCIA:
0004686365|01/07/2013|0000000000|DEP. REMOTO CH. SBC 0000327|006|4543|$1,989.00|$0.00|$494,293.81|295007|CHEQUE RECIBIDO SBC POR SERVICIO DE DEPOSITOS REMOTOS, BCO. 044 CTA. 00102529022 NO.CHEQUE 0000327, REFERENCIA:
0004686365|01/07/2013|0000000000|DEP. REMOTO CH. SBC 0001339|006|4543|$1,326.00|$0.00|$495,619.81|295008|CHEQUE RECIBIDO SBC POR SERVICIO DE DEPOSITOS REMOTOS, BCO. 032 CTA. 00014184559 NO.CHEQUE 0001339, REFERENCIA:
0004686365|01/07/2013|0000000000|DEP. REMOTO CH. SBC 0003813|006|4543|$4,179.50|$0.00|$499,799.31|295009|CHEQUE RECIBIDO SBC POR SERVICIO DE DEPOSITOS REMOTOS, BCO. 032 CTA. 00015628744 NO.CHEQUE 0003813, REFERENCIA:
0004686365|01/07/2013|0000000000|DEPOSITO REMOTO CHQS.BANORTE|080|4543|$1,000.00|$0.00|$500,799.31|295010|TOTAL DE          1 CHEQUES BANORTE RECIBIDOS, POR SERVICIO DE DEPOSITOS REMOTOS., REFERENCIA: 000000128062013
0004686365|01/07/2013|0000000000|DEPOSITO REMOTO CHQS.BANORTE|080|4543|$1,800.00|$0.00|$502,599.31|295011|TOTAL DE          1 CHEQUES BANORTE RECIBIDOS, POR SERVICIO DE DEPOSITOS REMOTOS., REFERENCIA: 000000728062013
0004686365|01/07/2013|0000000000|DEPOSITO REMOTO CHQS.BANORTE|080|4543|$18,711.99|$0.00|$521,311.30|295012|TOTAL DE          2 CHEQUES BANORTE RECIBIDOS, POR SERVICIO DE DEPOSITOS REMOTOS., REFERENCIA: 000000328062013
0004686365|01/07/2013|0000000000|DEPOSITO REMOTO CHQS.BANORTE|080|4543|$21,877.43|$0.00|$543,188.73|295013|TOTAL DE          4 CHEQUES BANORTE RECIBIDOS, POR SERVICIO DE DEPOSITOS REMOTOS., REFERENCIA: 000000228062013
0004686365|01/07/2013|0000000000|DEPOSITO REMOTO CHQS.BANORTE|080|4543|$600.00|$0.00|$543,788.73|295014|TOTAL DE          1 CHEQUES BANORTE RECIBIDOS, POR SERVICIO DE DEPOSITOS REMOTOS., REFERENCIA: 000000729062013
0004686365|01/07/2013|0000000000|DEPOSITO REMOTO CHQS.BANORTE|080|4543|$2,167.00|$0.00|$545,955.73|295015|TOTAL DE          1 CHEQUES BANORTE RECIBIDOS, POR SERVICIO DE DEPOSITOS REMOTOS., REFERENCIA: 000000729062013
0004686365|01/07/2013|0000000000|DEPOSITO REMOTO CHQS.BANORTE|080|4543|$6,221.14|$0.00|$552,176.87|295016|TOTAL DE          2 CHEQUES BANORTE RECIBIDOS, POR SERVICIO DE DEPOSITOS REMOTOS., REFERENCIA: 000000229062013
0004686365|01/07/2013|0000000000|DEPOSITO REMOTO CHQS.BANORTE|080|4543|$12,092.99|$0.00|$564,269.86|295017|TOTAL DE          3 CHEQUES BANORTE RECIBIDOS, POR SERVICIO DE DEPOSITOS REMOTOS., REFERENCIA: 000000129062013
0004686365|01/07/2013|0000000000|DEPOSITO DE CUENTA PROPIA|262|8846|$1,215,000.00|$0.00|$1,779,269.86|295018|DE LA CUENTA 0515492550, Traspaso Tpv a Concentr
0004686365|01/07/2013|0000000000|DEPOSITO DE CUENTA PROPIA|262|8846|$30,000.00|$0.00|$1,809,269.86|295019|DE LA CUENTA 0526140549, Traspaso Ref a Concentr
0004686365|01/07/2013|0000000000|DEPOSITO DE CUENTA PROPIA|262|8846|$300,000.00|$0.00|$2,109,269.86|295020|DE LA CUENTA 0662334059, Traspaso Est Carb a Conc
0004686365|01/07/2013|0000000000|TRASPASO A CUENTA PROPIA|790|8846|$0.00|$200,000.00|$1,909,269.86|295021|IVA:00000000.00    , A LA CUENTA 0559478361, Traspaso Presupuesto Prov AL R.F.C. GME540707CD1
0004686365|01/07/2013|0000000000|BNET01001307010000075956|003|5663|$107,500.60|$0.00|$2,016,770.46|295022|SPEI RECIBIDO DEL BANCO 0012, DEL CLIENTE GAS METROPOLITANO SA DE CV, DE LA CLABE 012180001543555987   CON RFC GME540707 CD1, CONCEPTO: TRASPASO BANCOMER A BANORTE CONCENTRADOR
0004686365|01/07/2013|0000000000|BNET01001307010000076689|003|5663|$207,222.71|$0.00|$2,223,993.17|295023|SPEI RECIBIDO DEL BANCO 0012, DEL CLIENTE GAS METROPOLITANO SA DE CV, DE LA CLABE 012180001543555987   CON RFC GME540707 CD1, CONCEPTO: TRASPASO BANCOMER A BANORTE CONCENTRADOR
0004686365|01/07/2013|0000000000|CHQ.LOC.000363|006|0004|$1,021.00|$0.00|$2,225,014.17|295024|BCO :0036 CTA. 0050000475977 NO.CHEQUE 0000000363
0004686365|01/07/2013|0000000000|DEPOSITO CHQ.BANORTE 0004869|080|0004|$1,100.58|$0.00|$2,226,114.75|295025|DEPOSITO DE LA CUENTA : 0534915984
0004686365|01/07/2013|0000000000|DEPOSITO CHQ.BANORTE 0000692|080|0004|$6,835.53|$0.00|$2,232,950.28|295026|DEPOSITO DE LA CUENTA : 0632941656
0004686365|01/07/2013|0000000000|CHQ.LOC.001440|006|0004|$1,359.15|$0.00|$2,234,309.43|295027|BCO :0036 CTA. 0040124481432 NO.CHEQUE 0000001440
0004686365|01/07/2013|0000000000|DEP. C/CHEQ IXE|003|0004|$603.33|$0.00|$2,234,912.76|295028| 
0004686365|01/07/2013|0000000000|DEP. C/CHEQ IXE|003|0004|$1,001.00|$0.00|$2,235,913.76|295029| 
0004686365|01/07/2013|0000000000|TR004 9623661|003|5663|$63,789.95|$0.00|$2,299,703.71|295030|SPEI RECIBIDO DEL BANCO 0014, DEL CLIENTE GAS METROPOLITANO SA DE CV, DE LA CLABE 014180655015916550   CON RFC GME540707CD1, CONCEPTO: TRASPASO METROPOLITANO SANTANDER 280613
0004686365|01/07/2013|0000000000|TR004 9623691|003|5663|$51,579.23|$0.00|$2,351,282.94|295031|SPEI RECIBIDO DEL BANCO 0014, DEL CLIENTE GAS METROPOLITANO SA DE CV, DE LA CLABE 014180655015916550   CON RFC GME540707CD1, CONCEPTO: TRASPASO METROPOLITANO SANTANDER 290613
0004686365|01/07/2013|0000000000|CARGO DCTO. CARTERA 0040266148|503|5914|$0.00|$9,496.84|$2,341,786.10|295032| 
0004686365|01/07/2013|0000000000|CARGO DCTO. CARTERA 0040266148|503|5914|$0.00|$263,183.31|$2,078,602.79|295033| 
0004686365|01/07/2013|0000000000|INVERSION MDD|591|8100|$0.00|$1,900,000.00|$178,602.79|295034|CTO 0098937331 01/07
0004686365|01/07/2013|0001072013|DEPOSITO DE CUENTA PROPIA|262|8846|$3,882,592.37|$0.00|$4,061,195.16|295035|DE LA CUENTA 0576071086, TRASPASO PRESUPUESTO PROV
0004686365|01/07/2013|0000000000|085901295230318236|003|5663|$146,987.21|$0.00|$4,208,182.37|295036|SPEI RECIBIDO DEL BANCO 0002, DEL CLIENTE GAS METROPOLITANO SA DE CV, DE LA CLABE 002180020842869349   CON RFC  GME540707CD1, CONCEPTO: DEP ELECT DEL DIA TRASP BTE CONCENTRADOR
0004686365|01/07/2013|0000000000|HSBC050886|003|5663|$256,685.11|$0.00|$4,464,867.48|295037|SPEI RECIBIDO DEL BANCO 0021, DEL CLIENTE GAS METROPOLITANO  S A  DE C V, DE LA CLABE 021180040293499743   CON RFC 0GME540707CD1, CONCEPTO: TRASPASO DE LA CTA 974 DE HSBC DEPOSITOS
0004686365|02/07/2013|0000000000|VENC. CAP. MDD|092|8100|$1,900,000.00|$0.00|$6,364,867.48|295038|CONTRATO 0098937331 FOLIO 28783052 02/07
0004686365|02/07/2013|0000000000|INTERES MDD|093|8100|$91.31|$0.00|$6,364,958.79|295039|CONTRATO 0098937331 FOLIO 28783052 02/07
0004686365|02/07/2013|0000000000|Impuesto Sobre la Renta|592|8100|$0.00|$31.23|$6,364,927.56|295040|CONTRATO 0098937331 FOLIO 28783052 02/07
0004686365|02/07/2013|0000000000|DEV.CHEQUE LOCAL 0000000098|506|8068|$0.00|$1,000.00|$6,363,927.56|295041|FONDOS INSUFICIENTES
0004686365|02/07/2013|0000000000|DEV.CHEQUE LOCAL 0000000327|506|8068|$0.00|$1,989.00|$6,361,938.56|295042|FONDOS INSUFICIENTES
0004686365|02/07/2013|0000000000|INVERSION MDD|591|8100|$0.00|$4,000,000.00|$2,361,938.56|295043|CTO 0098937331 02/07
0004686365|02/07/2013|0000000000|DEP. REMOTO CH. SBC 0001354|006|4543|$1,922.57|$0.00|$2,363,861.13|295044|CHEQUE RECIBIDO SBC POR SERVICIO DE DEPOSITOS REMOTOS, BCO. 032 CTA. 00016833244 NO.CHEQUE 0001354, REFERENCIA:
0004686365|02/07/2013|0000000000|DEP. REMOTO CH. SBC 9732772|006|4543|$3,003.66|$0.00|$2,366,864.79|295045|CHEQUE RECIBIDO SBC POR SERVICIO DE DEPOSITOS REMOTOS, BCO. 032 CTA. 00010305815 NO.CHEQUE 9732772, REFERENCIA:
0004686365|02/07/2013|0000000000|DEP. REMOTO CH. SBC 0003870|006|4543|$1,405.56|$0.00|$2,368,270.35|295046|CHEQUE RECIBIDO SBC POR SERVICIO DE DEPOSITOS REMOTOS, BCO. 044 CTA. 00107758960 NO.CHEQUE 0003870, REFERENCIA:
0004686365|02/07/2013|0000000000|DEP. REMOTO CH. SBC 9575122|006|4543|$1,093.95|$0.00|$2,369,364.30|295047|CHEQUE RECIBIDO SBC POR SERVICIO DE DEPOSITOS REMOTOS, BCO. 032 CTA. 00013369490 NO.CHEQUE 9575122, REFERENCIA:
0004686365|02/07/2013|0000000000|DEP. REMOTO CH. SBC 0003749|006|4543|$1,704.95|$0.00|$2,371,069.25|295048|CHEQUE RECIBIDO SBC POR SERVICIO DE DEPOSITOS REMOTOS, BCO. 044 CTA. 00107580037 NO.CHEQUE 0003749, REFERENCIA:
0004686365|02/07/2013|0000000000|DEP. REMOTO CH. SBC 0001404|006|4543|$600.00|$0.00|$2,371,669.25|295049|CHEQUE RECIBIDO SBC POR SERVICIO DE DEPOSITOS REMOTOS, BCO. 044 CTA. 00101032828 NO.CHEQUE 0001404, REFERENCIA:
0004686365|02/07/2013|0000000000|DEP. REMOTO CH. SBC 0000222|006|4543|$659.00|$0.00|$2,372,328.25|295050|CHEQUE RECIBIDO SBC POR SERVICIO DE DEPOSITOS REMOTOS, BCO. 036 CTA. 40123783656 NO.CHEQUE 0000222, REFERENCIA:
0004686365|02/07/2013|0000000000|DEP. REMOTO CH. SBC 0000020|006|4543|$1,000.00|$0.00|$2,373,328.25|295051|CHEQUE RECIBIDO SBC POR SERVICIO DE DEPOSITOS REMOTOS, BCO. 036 CTA. 50014010362 NO.CHEQUE 0000020, REFERENCIA:
0004686365|02/07/2013|0000000000|DEP. REMOTO CH. SBC 0000243|006|4543|$600.00|$0.00|$2,373,928.25|295052|CHEQUE RECIBIDO SBC POR SERVICIO DE DEPOSITOS REMOTOS, BCO. 036 CTA. 40130539060 NO.CHEQUE 0000243, REFERENCIA:
0004686365|02/07/2013|0000000000|DEP. REMOTO CH. SBC 0000379|006|4543|$600.00|$0.00|$2,374,528.25|295053|CHEQUE RECIBIDO SBC POR SERVICIO DE DEPOSITOS REMOTOS, BCO. 044 CTA. 00101971824 NO.CHEQUE 0000379, REFERENCIA:
0004686365|02/07/2013|0000000000|DEP. REMOTO CH. SBC 0001810|006|4543|$663.00|$0.00|$2,375,191.25|295054|CHEQUE RECIBIDO SBC POR SERVICIO DE DEPOSITOS REMOTOS, BCO. 044 CTA. 00106763111 NO.CHEQUE 0001810, REFERENCIA:
0004686365|02/07/2013|0000000000|DEP. REMOTO CH. SBC 0000035|006|4543|$1,500.00|$0.00|$2,376,691.25|295055|CHEQUE RECIBIDO SBC POR SERVICIO DE DEPOSITOS REMOTOS, BCO. 044 CTA. 00107089082 NO.CHEQUE 0000035, REFERENCIA:
0004686365|02/07/2013|0000000000|DEP. REMOTO CH. SBC 0000719|006|4543|$1,600.00|$0.00|$2,378,291.25|295056|CHEQUE RECIBIDO SBC POR SERVICIO DE DEPOSITOS REMOTOS, BCO. 044 CTA. 00106111866 NO.CHEQUE 0000719, REFERENCIA:
0004686365|02/07/2013|0000000000|DEP. REMOTO CH. SBC 0000343|006|4543|$700.00|$0.00|$2,378,991.25|295057|CHEQUE RECIBIDO SBC POR SERVICIO DE DEPOSITOS REMOTOS, BCO. 019 CTA. 00816012830 NO.CHEQUE 0000343, REFERENCIA:
0004686365|02/07/2013|0000000000|DEP. REMOTO CH. SBC 0000257|006|4543|$333.00|$0.00|$2,379,324.25|295058|CHEQUE RECIBIDO SBC POR SERVICIO DE DEPOSITOS REMOTOS, BCO. 036 CTA. 40124287296 NO.CHEQUE 0000257, REFERENCIA:
0004686365|02/07/2013|0000000000|DEP. REMOTO CH. SBC 0000683|006|4543|$1,500.00|$0.00|$2,380,824.25|295059|CHEQUE RECIBIDO SBC POR SERVICIO DE DEPOSITOS REMOTOS, BCO. 036 CTA. 40127431711 NO.CHEQUE 0000683, REFERENCIA:
0004686365|02/07/2013|0000000000|DEP. REMOTO CH. SBC 0002870|006|4543|$1,000.00|$0.00|$2,381,824.25|295060|CHEQUE RECIBIDO SBC POR SERVICIO DE DEPOSITOS REMOTOS, BCO. 044 CTA. 00104776623 NO.CHEQUE 0002870, REFERENCIA:
0004686365|02/07/2013|0000000000|DEP. REMOTO CH. SBC 9522538|006|4543|$1,000.00|$0.00|$2,382,824.25|295061|CHEQUE RECIBIDO SBC POR SERVICIO DE DEPOSITOS REMOTOS, BCO. 032 CTA. 00011077557 NO.CHEQUE 9522538, REFERENCIA:
0004686365|02/07/2013|0000000000|DEP. REMOTO CH. SBC 0000330|006|4543|$2,980.00|$0.00|$2,385,804.25|295062|CHEQUE RECIBIDO SBC POR SERVICIO DE DEPOSITOS REMOTOS, BCO. 044 CTA. 00103947807 NO.CHEQUE 0000330, REFERENCIA:
0004686365|02/07/2013|0000000000|DEP. REMOTO CH. SBC 0000027|006|4543|$5,335.00|$0.00|$2,391,139.25|295063|CHEQUE RECIBIDO SBC POR SERVICIO DE DEPOSITOS REMOTOS, BCO. 032 CTA. 00016123751 NO.CHEQUE 0000027, REFERENCIA:
0004686365|02/07/2013|0000000000|DEP. REMOTO CH. SBC 0003859|006|4543|$1,392.30|$0.00|$2,392,531.55|295064|CHEQUE RECIBIDO SBC POR SERVICIO DE DEPOSITOS REMOTOS, BCO. 044 CTA. 00107758960 NO.CHEQUE 0003859, REFERENCIA:
0004686365|02/07/2013|0000000000|DEP. REMOTO CH. SBC 0000029|006|4543|$1,472.00|$0.00|$2,394,003.55|295065|CHEQUE RECIBIDO SBC POR SERVICIO DE DEPOSITOS REMOTOS, BCO. 044 CTA. 00102296671 NO.CHEQUE 0000029, REFERENCIA:
0004686365|02/07/2013|0000000000|DEP. REMOTO CH. SBC 0000055|006|4543|$10,116.00|$0.00|$2,404,119.55|295066|CHEQUE RECIBIDO SBC POR SERVICIO DE DEPOSITOS REMOTOS, BCO. 044 CTA. 00102950053 NO.CHEQUE 0000055, REFERENCIA:
0004686365|02/07/2013|0000000000|DEPOSITO REMOTO CHQS.BANORTE|080|4543|$2,600.00|$0.00|$2,406,719.55|295067|TOTAL DE          3 CHEQUES BANORTE RECIBIDOS, POR SERVICIO DE DEPOSITOS REMOTOS., REFERENCIA: 000000101072013
0004686365|02/07/2013|0000000000|DEPOSITO REMOTO CHQS.BANORTE|080|4543|$147,690.06|$0.00|$2,554,409.61|295068|TOTAL DE          8 CHEQUES BANORTE RECIBIDOS, POR SERVICIO DE DEPOSITOS REMOTOS., REFERENCIA: 000000201072013
0004686365|02/07/2013|0000000000|DEV.CHEQUE LOCAL 0000000184|506|8068|$0.00|$698.54|$2,553,711.07|295069|FONDOS INSUFICIENTES
0004686365|02/07/2013|0000000000|DEP. C/CHEQ IXE      0000048|003|0004|$419.58|$0.00|$2,554,130.65|295070| 
0004686365|02/07/2013|0000000000|CHQ.LOC.000191|006|0004|$1,000.00|$0.00|$2,555,130.65|295071|BCO :0044 CTA. 0000106638074 NO.CHEQUE 0000000191
0004686365|02/07/2013|0000000000|085900774670318335|003|5663|$26,243.41|$0.00|$2,581,374.06|295072|SPEI RECIBIDO DEL BANCO 0002, DEL CLIENTE GAS METROPOLITANO SA DE CV, DE LA CLABE 002180020842869349   CON RFC  GME540707CD1, CONCEPTO: DEP ELECT DEL DIA TRASP BTE CONCENTRADOR
0004686365|02/07/2013|0000000000|DEPOSITO EN EFECTIVO|000|0357|$4,827.70|$0.00|$2,586,201.76|295073|MEXICO
0004686365|02/07/2013|0000000000|TR004 9779800|003|5663|$54,333.90|$0.00|$2,640,535.66|295074|SPEI RECIBIDO DEL BANCO 0014, DEL CLIENTE GAS METROPOLITANO SA DE CV, DE LA CLABE 014180655015916550   CON RFC GME540707CD1, CONCEPTO: TRASPASO METROPOLITANO SANTANDER 010713
0004686365|02/07/2013|0002072013|TRASPASO A CUENTA PROPIA|790|8846|$0.00|$1,646,049.51|$994,486.15|295075|IVA:00000000.00    , A LA CUENTA 0580295526, TRASPASO RECOLECTORA METRO AL R.F.C. GME540707CD1
0004686365|02/07/2013|0000000000|DEP. REMOTO CH. SBC 6776212|006|4543|$14,038.96|$0.00|$1,008,525.11|295076|CHEQUE RECIBIDO SBC POR SERVICIO DE DEPOSITOS REMOTOS, BCO. 021 CTA. 04029349974 NO.CHEQUE 6776212, REFERENCIA:
0004686365|02/07/2013|0000020713|TRASPASO A CUENTA PROPIA|790|8846|$0.00|$450,000.00|$558,525.11|295077|IVA:00000000.00    , A LA CUENTA 0559478361, TRASPASO PRESUPUESTO PROVEEDOR AL R.F.C. GME540707CD1
0004686365|03/07/2013|0000000000|BNET01001307030000017482|003|5663|$179,011.25|$0.00|$737,536.36|295078|SPEI RECIBIDO DEL BANCO 0012, DEL CLIENTE GAS METROPOLITANO SA DE CV, DE LA CLABE 012180001543555987   CON RFC GME540707 CD1, CONCEPTO: TRASPASO BANCOMER A BANORTE CONCENTRADOR
0004686365|03/07/2013|0000000000|DEP. REMOTO CH. SBC 0708453|006|4543|$6,848.79|$0.00|$744,385.15|295079|CHEQUE RECIBIDO SBC POR SERVICIO DE DEPOSITOS REMOTOS, BCO. 032 CTA. 00014989190 NO.CHEQUE 0708453, REFERENCIA:
0004686365|03/07/2013|0000000000|DEP. REMOTO CH. SBC 0000064|006|4543|$1,338.66|$0.00|$745,723.81|295080|CHEQUE RECIBIDO SBC POR SERVICIO DE DEPOSITOS REMOTOS, BCO. 036 CTA. 50015876862 NO.CHEQUE 0000064, REFERENCIA:
0004686365|03/07/2013|0000000000|DEP. REMOTO CH. SBC 0000367|006|4543|$8,572.86|$0.00|$754,296.67|295081|CHEQUE RECIBIDO SBC POR SERVICIO DE DEPOSITOS REMOTOS, BCO. 032 CTA. 00017859107 NO.CHEQUE 0000367, REFERENCIA:
0004686365|03/07/2013|0000000000|DEP. REMOTO CH. SBC 0000181|006|4543|$4,740.45|$0.00|$759,037.12|295082|CHEQUE RECIBIDO SBC POR SERVICIO DE DEPOSITOS REMOTOS, BCO. 062 CTA. 00135107832 NO.CHEQUE 0000181, REFERENCIA:
0004686365|03/07/2013|0000000000|DEP. REMOTO CH. SBC 0002204|006|4543|$6,301.64|$0.00|$765,338.76|295083|CHEQUE RECIBIDO SBC POR SERVICIO DE DEPOSITOS REMOTOS, BCO. 032 CTA. 00015732924 NO.CHEQUE 0002204, REFERENCIA:
0004686365|03/07/2013|0000000000|DEP. REMOTO CH. SBC 0000419|006|4543|$9,998.04|$0.00|$775,336.80|295084|CHEQUE RECIBIDO SBC POR SERVICIO DE DEPOSITOS REMOTOS, BCO. 032 CTA. 00015967875 NO.CHEQUE 0000419, REFERENCIA:
0004686365|03/07/2013|0000000000|DEP. REMOTO CH. SBC 0000037|006|4543|$802.23|$0.00|$776,139.03|295085|CHEQUE RECIBIDO SBC POR SERVICIO DE DEPOSITOS REMOTOS, BCO. 036 CTA. 50014682323 NO.CHEQUE 0000037, REFERENCIA:
0004686365|03/07/2013|0000000000|DEP. REMOTO CH. SBC 0000864|006|4543|$912.42|$0.00|$777,051.45|295086|CHEQUE RECIBIDO SBC POR SERVICIO DE DEPOSITOS REMOTOS, BCO. 036 CTA. 11818820013 NO.CHEQUE 0000864, REFERENCIA:
0004686365|03/07/2013|0000000000|DEP. REMOTO CH. SBC 0001153|006|4543|$700.00|$0.00|$777,751.45|295087|CHEQUE RECIBIDO SBC POR SERVICIO DE DEPOSITOS REMOTOS, BCO. 132 CTA. 00000101613 NO.CHEQUE 0001153, REFERENCIA:
0004686365|03/07/2013|0000000000|DEP. REMOTO CH. SBC 0000094|006|4543|$1,332.00|$0.00|$779,083.45|295088|CHEQUE RECIBIDO SBC POR SERVICIO DE DEPOSITOS REMOTOS, BCO. 036 CTA. 50008314532 NO.CHEQUE 0000094, REFERENCIA:
0004686365|03/07/2013|0000000000|DEP. REMOTO CH. SBC 0000286|006|4543|$1,000.00|$0.00|$780,083.45|295089|CHEQUE RECIBIDO SBC POR SERVICIO DE DEPOSITOS REMOTOS, BCO. 036 CTA. 40130620576 NO.CHEQUE 0000286, REFERENCIA:
0004686365|03/07/2013|0000000000|DEP. REMOTO CH. SBC 8087366|006|4543|$500.00|$0.00|$780,583.45|295090|CHEQUE RECIBIDO SBC POR SERVICIO DE DEPOSITOS REMOTOS, BCO. 032 CTA. 00011854669 NO.CHEQUE 8087366, REFERENCIA:
0004686365|03/07/2013|0000000000|DEP. REMOTO CH. SBC 8950190|006|4543|$1,000.00|$0.00|$781,583.45|295091|CHEQUE RECIBIDO SBC POR SERVICIO DE DEPOSITOS REMOTOS, BCO. 032 CTA. 00011562617 NO.CHEQUE 8950190, REFERENCIA:
0004686365|03/07/2013|0000000000|DEP. REMOTO CH. SBC 0000458|006|4543|$1,200.00|$0.00|$782,783.45|295092|CHEQUE RECIBIDO SBC POR SERVICIO DE DEPOSITOS REMOTOS, BCO. 036 CTA. 40123703334 NO.CHEQUE 0000458, REFERENCIA:
0004686365|03/07/2013|0000000000|DEP. REMOTO CH. SBC 0000123|006|4543|$1,200.00|$0.00|$783,983.45|295093|CHEQUE RECIBIDO SBC POR SERVICIO DE DEPOSITOS REMOTOS, BCO. 032 CTA. 00016121104 NO.CHEQUE 0000123, REFERENCIA:
0004686365|03/07/2013|0000000000|DEP. REMOTO CH. SBC 0000264|006|4543|$2,600.00|$0.00|$786,583.45|295094|CHEQUE RECIBIDO SBC POR SERVICIO DE DEPOSITOS REMOTOS, BCO. 032 CTA. 00015741311 NO.CHEQUE 0000264, REFERENCIA:
0004686365|03/07/2013|0000000000|DEP. REMOTO CH. SBC 0000194|006|4543|$506.10|$0.00|$787,089.55|295095|CHEQUE RECIBIDO SBC POR SERVICIO DE DEPOSITOS REMOTOS, BCO. 044 CTA. 00101513977 NO.CHEQUE 0000194, REFERENCIA:
0004686365|03/07/2013|0000000000|DEP. REMOTO CH. SBC 0000903|006|4543|$666.00|$0.00|$787,755.55|295096|CHEQUE RECIBIDO SBC POR SERVICIO DE DEPOSITOS REMOTOS, BCO. 044 CTA. 00104743474 NO.CHEQUE 0000903, REFERENCIA:
0004686365|03/07/2013|0000000000|DEP. REMOTO CH. SBC 0000313|006|4543|$699.30|$0.00|$788,454.85|295097|CHEQUE RECIBIDO SBC POR SERVICIO DE DEPOSITOS REMOTOS, BCO. 044 CTA. 00101216074 NO.CHEQUE 0000313, REFERENCIA:
0004686365|03/07/2013|0000000000|DEP. REMOTO CH. SBC 0000141|006|4543|$1,300.00|$0.00|$789,754.85|295098|CHEQUE RECIBIDO SBC POR SERVICIO DE DEPOSITOS REMOTOS, BCO. 044 CTA. 00103609022 NO.CHEQUE 0000141, REFERENCIA:
0004686365|03/07/2013|0000000000|DEP. REMOTO CH. SBC 0001818|006|4543|$5,502.90|$0.00|$795,257.75|295099|CHEQUE RECIBIDO SBC POR SERVICIO DE DEPOSITOS REMOTOS, BCO. 044 CTA. 00105872537 NO.CHEQUE 0001818, REFERENCIA:
0004686365|03/07/2013|0000000000|DEP. REMOTO CH. SBC 0000457|006|4543|$1,515.00|$0.00|$796,772.75|295100|CHEQUE RECIBIDO SBC POR SERVICIO DE DEPOSITOS REMOTOS, BCO. 030 CTA. 48409550201 NO.CHEQUE 0000457, REFERENCIA:
0004686365|03/07/2013|0000000000|DEP. REMOTO CH. SBC 0000145|006|4543|$3,050.00|$0.00|$799,822.75|295101|CHEQUE RECIBIDO SBC POR SERVICIO DE DEPOSITOS REMOTOS, BCO. 030 CTA. 51009460201 NO.CHEQUE 0000145, REFERENCIA:
0004686365|03/07/2013|0000000000|DEPOSITO REMOTO CHQS.BANORTE|080|4543|$1,525.00|$0.00|$801,347.75|295102|TOTAL DE          1 CHEQUES BANORTE RECIBIDOS, POR SERVICIO DE DEPOSITOS REMOTOS., REFERENCIA: 000000102072013
0004686365|03/07/2013|0000000000|DEPOSITO REMOTO CHQS.BANORTE|080|4543|$1,798.29|$0.00|$803,146.04|295103|TOTAL DE          1 CHEQUES BANORTE RECIBIDOS, POR SERVICIO DE DEPOSITOS REMOTOS., REFERENCIA: 000007020072013
0004686365|03/07/2013|0000000000|DEPOSITO REMOTO CHQS.BANORTE|080|4543|$5,613.35|$0.00|$808,759.39|295104|TOTAL DE          2 CHEQUES BANORTE RECIBIDOS, POR SERVICIO DE DEPOSITOS REMOTOS., REFERENCIA: 000000202072013
0004686365|03/07/2013|0000000000|085900958130318435|003|5663|$244,825.32|$0.00|$1,053,584.71|295105|SPEI RECIBIDO DEL BANCO 0002, DEL CLIENTE GAS METROPOLITANO SA DE CV, DE LA CLABE 002180020842869349   CON RFC  GME540707CD1, CONCEPTO: DEP ELECT DEL DIA TRASP BTE CONCENTRADOR
0004686365|03/07/2013|0000000000|DEPOSITO EN EFECTIVO|000|0357|$83,320.20|$0.00|$1,136,904.91|295106|MEXICO
0004686365|03/07/2013|0000000000|DEPOSITO EN EFECTIVO|000|0357|$3,341.40|$0.00|$1,140,246.31|295107|MEXICO
0004686365|03/07/2013|0000000000|TR004 9011791|003|5663|$22,486.61|$0.00|$1,162,732.92|295108|SPEI RECIBIDO DEL BANCO 0014, DEL CLIENTE GAS METROPOLITANO SA DE CV, DE LA CLABE 014180655015916550   CON RFC GME540707CD1, CONCEPTO: TRASPASO METROPOLITANO SANTANDER 020713
0004686365|03/07/2013|0000030713|TRASPASO A CUENTA PROPIA|790|8846|$0.00|$500,000.00|$662,732.92|295109|IVA:00000000.00    , A LA CUENTA 0559478361, TRASPASO PRESUPUESTO PROVEEDOR AL R.F.C. GME540707CD1
0004686365|03/07/2013|0000000000|HSBC040780|003|5663|$118,105.29|$0.00|$780,838.21|295110|SPEI RECIBIDO DEL BANCO 0021, DEL CLIENTE GAS METROPOLITANO  S A  DE C V, DE LA CLABE 021180040293499743   CON RFC 0GME540707CD1, CONCEPTO: TRASPASO DE LA CTA 974 DE HSBC DEPOSITOS
0004686365|03/07/2013|0000000000|BNET01001307030000115791|003|5663|$73,693.70|$0.00|$854,531.91|295111|SPEI RECIBIDO DEL BANCO 0012, DEL CLIENTE GAS METROPOLITANO SA DE CV, DE LA CLABE 012180001543555987   CON RFC GME540707 CD1, CONCEPTO: TRASPASO BANCOMER A BANORTE CONCENTRADOR
0004686365|03/07/2013|0003072013|TRASPASO A CUENTA PROPIA|790|8846|$0.00|$172,333.37|$682,198.54|295112|IVA:00000000.00    , A LA CUENTA 0580295526, TRASPASO RECOLECTORA METRO AL R.F.C. GME540707CD1
0004686365|03/07/2013|0000000000|DEPOSITO EN EFECTIVO|000|0357|$11,168.60|$0.00|$693,367.14|295113|MEXICO
0004686365|04/07/2013|0000000000|DEV.CHEQUE LOCAL 0000000145|506|8068|$0.00|$3,050.00|$690,317.14|295114|FONDOS INSUFICIENTES
0004686365|04/07/2013|0000000000|DEV.CHEQUE LOCAL 0000000457|506|8068|$0.00|$1,515.00|$688,802.14|295115|FONDOS INSUFICIENTES
0004686365|04/07/2013|0000000000|TR004 9133250|003|5663|$63,725.06|$0.00|$752,527.20|295116|SPEI RECIBIDO DEL BANCO 0014, DEL CLIENTE GAS METROPOLITANO SA DE CV, DE LA CLABE 014180655015916550   CON RFC GME540707CD1, CONCEPTO: TRASPASO METROPOLITANO SANTANDER 030713
0004686365|04/07/2013|0000000000|TR004 9133251|003|5663|$473,427.48|$0.00|$1,225,954.68|295117|SPEI RECIBIDO DEL BANCO 0014, DEL CLIENTE GAS METROPOLITANO SA DE CV, DE LA CLABE 014180655015916550   CON RFC GME540707CD1, CONCEPTO: TRASPASO METROPOLITANO SANTANDER CLIENTE
0004686365|04/07/2013|0000000000|DEP. REMOTO CH. SBC 0002602|006|4543|$2,625.48|$0.00|$1,228,580.16|295118|CHEQUE RECIBIDO SBC POR SERVICIO DE DEPOSITOS REMOTOS, BCO. 030 CTA. 51960190201 NO.CHEQUE 0002602, REFERENCIA:
0004686365|04/07/2013|0000000000|DEP. REMOTO CH. SBC 9967182|006|4543|$3,308.37|$0.00|$1,231,888.53|295119|CHEQUE RECIBIDO SBC POR SERVICIO DE DEPOSITOS REMOTOS, BCO. 032 CTA. 00011219106 NO.CHEQUE 9967182, REFERENCIA:
0004686365|04/07/2013|0000000000|DEP. REMOTO CH. SBC 0000634|006|4543|$4,435.47|$0.00|$1,236,324.00|295120|CHEQUE RECIBIDO SBC POR SERVICIO DE DEPOSITOS REMOTOS, BCO. 032 CTA. 00017123593 NO.CHEQUE 0000634, REFERENCIA:
0004686365|04/07/2013|0000000000|DEP. REMOTO CH. SBC 0002358|006|4543|$2,257.74|$0.00|$1,238,581.74|295121|CHEQUE RECIBIDO SBC POR SERVICIO DE DEPOSITOS REMOTOS, BCO. 044 CTA. 00107078242 NO.CHEQUE 0002358, REFERENCIA:
0004686365|04/07/2013|0000000000|DEP. REMOTO CH. SBC 0001944|006|4543|$1,133.73|$0.00|$1,239,715.47|295122|CHEQUE RECIBIDO SBC POR SERVICIO DE DEPOSITOS REMOTOS, BCO. 044 CTA. 00105003229 NO.CHEQUE 0001944, REFERENCIA:
0004686365|04/07/2013|0000000000|DEP. REMOTO CH. SBC 0000525|006|4543|$663.00|$0.00|$1,240,378.47|295123|CHEQUE RECIBIDO SBC POR SERVICIO DE DEPOSITOS REMOTOS, BCO. 044 CTA. 00105614686 NO.CHEQUE 0000525, REFERENCIA:
0004686365|04/07/2013|0000000000|DEP. REMOTO CH. SBC 9542124|006|4543|$902.00|$0.00|$1,241,280.47|295124|CHEQUE RECIBIDO SBC POR SERVICIO DE DEPOSITOS REMOTOS, BCO. 032 CTA. 00010201785 NO.CHEQUE 9542124, REFERENCIA:
0004686365|04/07/2013|0000000000|DEP. REMOTO CH. SBC 0392438|006|4543|$1,844.00|$0.00|$1,243,124.47|295125|CHEQUE RECIBIDO SBC POR SERVICIO DE DEPOSITOS REMOTOS, BCO. 032 CTA. 00014163195 NO.CHEQUE 0392438, REFERENCIA:
0004686365|04/07/2013|0000000000|DEP. REMOTO CH. SBC 0000075|006|4543|$799.00|$0.00|$1,243,923.47|295126|CHEQUE RECIBIDO SBC POR SERVICIO DE DEPOSITOS REMOTOS, BCO. 044 CTA. 00105743249 NO.CHEQUE 0000075, REFERENCIA:
0004686365|04/07/2013|0000000000|DEP. REMOTO CH. SBC 0011808|006|4543|$2,000.00|$0.00|$1,245,923.47|295127|CHEQUE RECIBIDO SBC POR SERVICIO DE DEPOSITOS REMOTOS, BCO. 044 CTA. 00103420191 NO.CHEQUE 0011808, REFERENCIA:
0004686365|04/07/2013|0000000000|DEP. REMOTO CH. SBC 9789532|006|4543|$1,300.00|$0.00|$1,247,223.47|295128|CHEQUE RECIBIDO SBC POR SERVICIO DE DEPOSITOS REMOTOS, BCO. 042 CTA. 00008002487 NO.CHEQUE 9789532, REFERENCIA:
0004686365|04/07/2013|0000000000|DEP. REMOTO CH. SBC 0000337|006|4543|$799.20|$0.00|$1,248,022.67|295129|CHEQUE RECIBIDO SBC POR SERVICIO DE DEPOSITOS REMOTOS, BCO. 036 CTA. 40123833513 NO.CHEQUE 0000337, REFERENCIA:
0004686365|04/07/2013|0000000000|DEP. REMOTO CH. SBC 0000200|006|4543|$1,398.60|$0.00|$1,249,421.27|295130|CHEQUE RECIBIDO SBC POR SERVICIO DE DEPOSITOS REMOTOS, BCO. 036 CTA. 50000641454 NO.CHEQUE 0000200, REFERENCIA:
0004686365|04/07/2013|0000000000|DEP. REMOTO CH. SBC 0000530|006|4543|$400.00|$0.00|$1,249,821.27|295131|CHEQUE RECIBIDO SBC POR SERVICIO DE DEPOSITOS REMOTOS, BCO. 044 CTA. 00104924282 NO.CHEQUE 0000530, REFERENCIA:
0004686365|04/07/2013|0000000000|DEP. REMOTO CH. SBC 0001234|006|4543|$499.50|$0.00|$1,250,320.77|295132|CHEQUE RECIBIDO SBC POR SERVICIO DE DEPOSITOS REMOTOS, BCO. 044 CTA. 00105878853 NO.CHEQUE 0001234, REFERENCIA:
0004686365|04/07/2013|0000000000|DEP. REMOTO CH. SBC 0002448|006|4543|$500.00|$0.00|$1,250,820.77|295133|CHEQUE RECIBIDO SBC POR SERVICIO DE DEPOSITOS REMOTOS, BCO. 044 CTA. 00105873150 NO.CHEQUE 0002448, REFERENCIA:
0004686365|04/07/2013|0000000000|DEP. REMOTO CH. SBC 0001048|006|4543|$4,295.50|$0.00|$1,255,116.27|295134|CHEQUE RECIBIDO SBC POR SERVICIO DE DEPOSITOS REMOTOS, BCO. 044 CTA. 00104895169 NO.CHEQUE 0001048, REFERENCIA:
0004686365|04/07/2013|0000000000|DEP. REMOTO CH. SBC 0002180|006|4543|$600.00|$0.00|$1,255,716.27|295135|CHEQUE RECIBIDO SBC POR SERVICIO DE DEPOSITOS REMOTOS, BCO. 044 CTA. 00104861094 NO.CHEQUE 0002180, REFERENCIA:
0004686365|04/07/2013|0000000000|DEP. REMOTO CH. SBC 0002603|006|4543|$5,502.90|$0.00|$1,261,219.17|295136|CHEQUE RECIBIDO SBC POR SERVICIO DE DEPOSITOS REMOTOS, BCO. 030 CTA. 51960190201 NO.CHEQUE 0002603, REFERENCIA:
0004686365|04/07/2013|0000000000|DEP. REMOTO CH. SBC 4140384|006|4543|$803.00|$0.00|$1,262,022.17|295137|CHEQUE RECIBIDO SBC POR SERVICIO DE DEPOSITOS REMOTOS, BCO. 032 CTA. 00012038768 NO.CHEQUE 4140384, REFERENCIA:
0004686365|04/07/2013|0000000000|DEPOSITO REMOTO CHQS.BANORTE|080|4543|$500.00|$0.00|$1,262,522.17|295138|TOTAL DE          1 CHEQUES BANORTE RECIBIDOS, POR SERVICIO DE DEPOSITOS REMOTOS., REFERENCIA: 000000103072013
0004686365|04/07/2013|0000000000|DEPOSITO REMOTO CHQS.BANORTE|080|4543|$2,605.59|$0.00|$1,265,127.76|295139|TOTAL DE          1 CHEQUES BANORTE RECIBIDOS, POR SERVICIO DE DEPOSITOS REMOTOS., REFERENCIA: 000000203072013
0004686365|04/07/2013|0000000000|DEPOSITO REMOTO CHQS.BANORTE|080|4543|$3,018.00|$0.00|$1,268,145.76|295140|TOTAL DE          2 CHEQUES BANORTE RECIBIDOS, POR SERVICIO DE DEPOSITOS REMOTOS., REFERENCIA: 000000703072013
0004686365|04/07/2013|0000000000|DEPOSITO CHQ.BANORTE 0000062|080|0004|$1,997.04|$0.00|$1,270,142.80|295141|DEPOSITO DE LA CUENTA : 0844460866
0004686365|04/07/2013|0000000000|DEPOSITO CHQ.BANORTE 0001810|080|0004|$3,549.78|$0.00|$1,273,692.58|295142|DEPOSITO DE LA CUENTA : 0814565812
0004686365|04/07/2013|0000000000|CHQ.LOC.000152|006|0004|$1,305.36|$0.00|$1,274,997.94|295143|BCO :0036 CTA. 0050008363730 NO.CHEQUE 0000000152
0004686365|04/07/2013|0000000000|BNET01001307040000077665|003|5663|$55,270.92|$0.00|$1,330,268.86|295144|SPEI RECIBIDO DEL BANCO 0012, DEL CLIENTE GAS METROPOLITANO SA DE CV, DE LA CLABE 012180001543555987   CON RFC GME540707 CD1, CONCEPTO: TRASPASO BANCOMER A BANORTE CONCENTRADOR
0004686365|04/07/2013|0004072013|TRASPASO A CUENTA PROPIA|790|8846|$0.00|$1,015,000.00|$315,268.86|295145|IVA:00000000.00    , A LA CUENTA 0559478361, TRASPASO PRESUPUESTO NOMINA AL R.F.C. GME540707CD1
0004686365|04/07/2013|0000000000|BNET01001307040000079048|003|5663|$1,070,000.00|$0.00|$1,385,268.86|295146|SPEI RECIBIDO DEL BANCO 0012, DEL CLIENTE GAS METROPOLITANO SA DE CV, DE LA CLABE 012180001100072777   CON RFC GME540707 CD1, CONCEPTO: TRASPASO BANCOMER A BANORTE CONCENTRADOR
0004686365|04/07/2013|0000000000|085901358620318531|003|5663|$126,494.05|$0.00|$1,511,762.91|295147|SPEI RECIBIDO DEL BANCO 0002, DEL CLIENTE GAS METROPOLITANO SA DE CV, DE LA CLABE 002180020842869349   CON RFC  GME540707CD1, CONCEPTO: DEP ELECT DEL DIA TRASP BTE CONCENTRA
0004686365|04/07/2013|0004072013|TRASPASO A CUENTA PROPIA|790|8846|$0.00|$1,039,396.34|$472,366.57|295148|IVA:00000000.00    , A LA CUENTA 0580295526, TRASPASO RECOLECTORA METRO AL R.F.C. GME540707CD1
0004686365|04/07/2013|0000000000|DEP. REMOTO CH. SBC 6776215|006|4543|$19,302.47|$0.00|$491,669.04|295149|CHEQUE RECIBIDO SBC POR SERVICIO DE DEPOSITOS REMOTOS, BCO. 021 CTA. 04029349974 NO.CHEQUE 6776215, REFERENCIA:
0004686365|04/07/2013|0000040713|TRASPASO A CUENTA PROPIA|790|8846|$0.00|$430,000.00|$61,669.04|295150|IVA:00000000.00    , A LA CUENTA 0559478361, TRASPASO PRESUPUESTO PROVEEDOR AL R.F.C. GME540707CD1
0004686365|05/07/2013|0000000000|CHQ.LOC.000425|006|0004|$3,285.00|$0.00|$64,954.04|295151|BCO :0036 CTA. 0050015384628 NO.CHEQUE 0000000425
0004686365|05/07/2013|0000000000|DEPOSITO CHQ.BANORTE 0001068|080|0004|$1,405.00|$0.00|$66,359.04|295152|DEPOSITO DE LA CUENTA : 0178631745
0004686365|05/07/2013|0000000000|DEP. REMOTO CH. SBC 0000418|006|4543|$1,498.38|$0.00|$67,857.42|295153|CHEQUE RECIBIDO SBC POR SERVICIO DE DEPOSITOS REMOTOS, BCO. 032 CTA. 00015967875 NO.CHEQUE 0000418, REFERENCIA:
0004686365|05/07/2013|0000000000|DEP. REMOTO CH. SBC 0000485|006|4543|$1,542.06|$0.00|$69,399.48|295154|CHEQUE RECIBIDO SBC POR SERVICIO DE DEPOSITOS REMOTOS, BCO. 044 CTA. 00106324339 NO.CHEQUE 0000485, REFERENCIA:
0004686365|05/07/2013|0000000000|DEP. REMOTO CH. SBC 0001352|006|4543|$1,491.75|$0.00|$70,891.23|295155|CHEQUE RECIBIDO SBC POR SERVICIO DE DEPOSITOS REMOTOS, BCO. 032 CTA. 00014184559 NO.CHEQUE 0001352, REFERENCIA:
0004686365|05/07/2013|0000000000|DEP. REMOTO CH. SBC 0002250|006|4543|$5,854.15|$0.00|$76,745.38|295156|CHEQUE RECIBIDO SBC POR SERVICIO DE DEPOSITOS REMOTOS, BCO. 032 CTA. 00015732924 NO.CHEQUE 0002250, REFERENCIA:
0004686365|05/07/2013|0000000000|DEP. REMOTO CH. SBC 0687772|006|4543|$13,479.84|$0.00|$90,225.22|295157|CHEQUE RECIBIDO SBC POR SERVICIO DE DEPOSITOS REMOTOS, BCO. 032 CTA. 00014893932 NO.CHEQUE 0687772, REFERENCIA:
0004686365|05/07/2013|0000000000|DEP. REMOTO CH. SBC 0002926|006|4543|$3,330.00|$0.00|$93,555.22|295158|CHEQUE RECIBIDO SBC POR SERVICIO DE DEPOSITOS REMOTOS, BCO. 036 CTA. 50008661441 NO.CHEQUE 0002926, REFERENCIA:
0004686365|05/07/2013|0000000000|DEP. REMOTO CH. SBC 0000012|006|4543|$600.00|$0.00|$94,155.22|295159|CHEQUE RECIBIDO SBC POR SERVICIO DE DEPOSITOS REMOTOS, BCO. 036 CTA. 50017773717 NO.CHEQUE 0000012, REFERENCIA:
0004686365|05/07/2013|0000000000|DEP. REMOTO CH. SBC 0000726|006|4543|$800.00|$0.00|$94,955.22|295160|CHEQUE RECIBIDO SBC POR SERVICIO DE DEPOSITOS REMOTOS, BCO. 036 CTA. 40129585716 NO.CHEQUE 0000726, REFERENCIA:
0004686365|05/07/2013|0000000000|DEP. REMOTO CH. SBC 0000110|006|4543|$800.00|$0.00|$95,755.22|295161|CHEQUE RECIBIDO SBC POR SERVICIO DE DEPOSITOS REMOTOS, BCO. 044 CTA. 00103941787 NO.CHEQUE 0000110, REFERENCIA:
0004686365|05/07/2013|0000000000|DEP. REMOTO CH. SBC 0000026|006|4543|$1,300.00|$0.00|$97,055.22|295162|CHEQUE RECIBIDO SBC POR SERVICIO DE DEPOSITOS REMOTOS, BCO. 044 CTA. 00103032893 NO.CHEQUE 0000026, REFERENCIA:
0004686365|05/07/2013|0000000000|DEP. REMOTO CH. SBC 0000016|006|4543|$700.00|$0.00|$97,755.22|295163|CHEQUE RECIBIDO SBC POR SERVICIO DE DEPOSITOS REMOTOS, BCO. 032 CTA. 00017215064 NO.CHEQUE 0000016, REFERENCIA:
0004686365|05/07/2013|0000000000|DEP. REMOTO CH. SBC 0000178|006|4543|$1,300.00|$0.00|$99,055.22|295164|CHEQUE RECIBIDO SBC POR SERVICIO DE DEPOSITOS REMOTOS, BCO. 036 CTA. 50012054548 NO.CHEQUE 0000178, REFERENCIA:
0004686365|05/07/2013|0000000000|DEP. REMOTO CH. SBC 0000261|006|4543|$1,000.00|$0.00|$100,055.22|295165|CHEQUE RECIBIDO SBC POR SERVICIO DE DEPOSITOS REMOTOS, BCO. 044 CTA. 00100284300 NO.CHEQUE 0000261, REFERENCIA:
0004686365|05/07/2013|0000000000|DEP. REMOTO CH. SBC 0000045|006|4543|$1,000.00|$0.00|$101,055.22|295166|CHEQUE RECIBIDO SBC POR SERVICIO DE DEPOSITOS REMOTOS, BCO. 044 CTA. 00103188307 NO.CHEQUE 0000045, REFERENCIA:
0004686365|05/07/2013|0000000000|DEP. REMOTO CH. SBC 0007329|006|4543|$2,652.00|$0.00|$103,707.22|295167|CHEQUE RECIBIDO SBC POR SERVICIO DE DEPOSITOS REMOTOS, BCO. 044 CTA. 00102848546 NO.CHEQUE 0007329, REFERENCIA:
0004686365|05/07/2013|0000000000|DEP. REMOTO CH. SBC 0001459|006|4543|$3,000.00|$0.00|$106,707.22|295168|CHEQUE RECIBIDO SBC POR SERVICIO DE DEPOSITOS REMOTOS, BCO. 044 CTA. 00102180162 NO.CHEQUE 0001459, REFERENCIA:
0004686365|05/07/2013|0000000000|DEP. REMOTO CH. SBC 0863190|006|4543|$1,460.00|$0.00|$108,167.22|295169|CHEQUE RECIBIDO SBC POR SERVICIO DE DEPOSITOS REMOTOS, BCO. 032 CTA. 00016596668 NO.CHEQUE 0863190, REFERENCIA:
0004686365|05/07/2013|0000000000|DEP. REMOTO CH. SBC 8662131|006|4543|$1,770.00|$0.00|$109,937.22|295170|CHEQUE RECIBIDO SBC POR SERVICIO DE DEPOSITOS REMOTOS, BCO. 032 CTA. 00012455393 NO.CHEQUE 8662131, REFERENCIA:
0004686365|05/07/2013|0000000000|DEPOSITO REMOTO CHQS.BANORTE|080|4543|$2,500.00|$0.00|$112,437.22|295171|TOTAL DE          2 CHEQUES BANORTE RECIBIDOS, POR SERVICIO DE DEPOSITOS REMOTOS., REFERENCIA: 000000704072013
0004686365|05/07/2013|0000000000|DEPOSITO REMOTO CHQS.BANORTE|080|4543|$3,500.00|$0.00|$115,937.22|295172|TOTAL DE          2 CHEQUES BANORTE RECIBIDOS, POR SERVICIO DE DEPOSITOS REMOTOS., REFERENCIA: 000000104072013
0004686365|05/07/2013|0000000000|DEPOSITO REMOTO CHQS.BANORTE|080|4543|$4,783.29|$0.00|$120,720.51|295173|TOTAL DE          2 CHEQUES BANORTE RECIBIDOS, POR SERVICIO DE DEPOSITOS REMOTOS., REFERENCIA: 000000304072013
0004686365|05/07/2013|0000000000|DEPOSITO REMOTO CHQS.BANORTE|080|4543|$9,746.11|$0.00|$130,466.62|295174|TOTAL DE          6 CHEQUES BANORTE RECIBIDOS, POR SERVICIO DE DEPOSITOS REMOTOS., REFERENCIA: 000000204072013
0004686365|05/07/2013|0000000000|DEPOSITO EN EFECTIVO|000|0357|$4,022.80|$0.00|$134,489.42|295175|MEXICO
0004686365|05/07/2013|0000000000|DEPOSITO EN EFECTIVO|000|0357|$7,528.20|$0.00|$142,017.62|295176|MEXICO
0004686365|05/07/2013|0000000000|DEPOSITO EN EFECTIVO|000|0357|$15,758.00|$0.00|$157,775.62|295177|MEXICO
0004686365|05/07/2013|0000000000|DEPOSITO EN EFECTIVO|000|0357|$2,317.00|$0.00|$160,092.62|295178|MEXICO
0004686365|05/07/2013|0000000000|DEPOSITO EN EFECTIVO|000|0357|$2,647.40|$0.00|$162,740.02|295179|MEXICO
0004686365|05/07/2013|0000000000|DEPOSITO DE CUENTA PROPIA|262|8846|$1,515,000.00|$0.00|$1,677,740.02|295180|DE LA CUENTA 0515492550, Traspaso Tpv a Concentr
0004686365|05/07/2013|0000000000|DEPOSITO DE CUENTA PROPIA|262|8846|$120,000.00|$0.00|$1,797,740.02|295181|DE LA CUENTA 0526140549, Traspaso Ref a Concentr
0004686365|05/07/2013|0000000000|DEPOSITO DE CUENTA PROPIA|262|8846|$945,000.00|$0.00|$2,742,740.02|295182|DE LA CUENTA 0662334059, Traspaso Est Carb a Conc
0004686365|05/07/2013|0000000000|TRASPASO A CUENTA PROPIA|790|8846|$0.00|$1,500,000.00|$1,242,740.02|295183|IVA:00000000.00    , A LA CUENTA 0559478361, Traspaso Presupuesto Prov AL R.F.C. GME540707CD1
0004686365|05/07/2013|0000000000|3573874179|003|5663|$925,000.00|$0.00|$2,167,740.02|295184|SPEI RECIBIDO DEL BANCO 0044, DEL CLIENTE GAS METROPOLITANO SA DE CV, DE LA CLABE 044180001005708509   CON RFC RFC NO DISPONIBLE, CONCEPTO: TRASPASO CONCENTRADORA BANORTE
0004686365|05/07/2013|0000000000|BNET01001307050000089275|003|5663|$160,668.57|$0.00|$2,328,408.59|295185|SPEI RECIBIDO DEL BANCO 0012, DEL CLIENTE GAS METROPOLITANO SA DE CV, DE LA CLABE 012180001543555987   CON RFC GME540707 CD1, CONCEPTO: TRASPASO BANCOMER A BANORTE CONCENTRADOR
0004686365|05/07/2013|0000000000|TR004 9372898|003|5663|$59,233.84|$0.00|$2,387,642.43|295186|SPEI RECIBIDO DEL BANCO 0014, DEL CLIENTE GAS METROPOLITANO SA DE CV, DE LA CLABE 014180655015916550   CON RFC GME540707CD1, CONCEPTO: TRASPASO METROPOLITANO SANTANDER 050713
0004686365|05/07/2013|0000000000|085901461820318631|003|5663|$78,098.96|$0.00|$2,465,741.39|295187|SPEI RECIBIDO DEL BANCO 0002, DEL CLIENTE GAS METROPOLITANO SA DE CV, DE LA CLABE 002180020842869349   CON RFC  GME540707CD1, CONCEPTO: DEP ELEC DEL DIA TRASP BTE CONCENTRADORA
0004686365|05/07/2013|0000000000|085901547160318630|003|5663|$2,950,000.00|$0.00|$5,415,741.39|295188|SPEI RECIBIDO DEL BANCO 0002, DEL CLIENTE GAS METROPOLITANO SA DE CV, DE LA CLABE 002180020800108615   CON RFC  GME540707CD1, CONCEPTO: TRASPASO CONCENTRADORA BANORTE
0004686365|05/07/2013|0000000000|HSBC035551|003|5663|$214,293.19|$0.00|$5,630,034.58|295189|SPEI RECIBIDO DEL BANCO 0021, DEL CLIENTE GAS METROPOLITANO  S A  DE C V, DE LA CLABE 021180040293499743   CON RFC 0GME540707CD1, CONCEPTO: TRASPASO DE LA CTA 974 DE HSBC DEPOSITOS
0004686365|05/07/2013|0005072013|TRASPASO A CUENTA PROPIA|790|8846|$0.00|$83,890.04|$5,546,144.54|295190|IVA:00000000.00    , A LA CUENTA 0580295526, TRASPASO RECOLECTORA METRO AL R.F.C. GME540707CD1
0004686365|05/07/2013|0000000000|BNET01001307050000186742|003|5663|$670,000.00|$0.00|$6,216,144.54|295191|SPEI RECIBIDO DEL BANCO 0012, DEL CLIENTE GAS METROPOLITANO SA DE CV, DE LA CLABE 012180001100072777   CON RFC GME540707 CD1, CONCEPTO: TRASPASO BANCOMER A BANORTE CONCENTRADOR
0004686365|05/07/2013|0000050713|TRASPASO DE CTA :   0559478361|004|4264|$2,292.00|$0.00|$6,218,436.54|295192|DE CUENTA 0559478361, TERCEROS
0004686365|08/07/2013|0000000000|DEV.CHEQUE LOCAL 0000000485|506|8068|$0.00|$1,542.06|$6,216,894.48|295193|FONDOS INSUFICIENTES
0004686365|08/07/2013|0000080713|TRASPASO A CUENTA PROPIA|790|8846|$0.00|$1,300,000.00|$4,916,894.48|295194|IVA:00000000.00    , A LA CUENTA 0559478361, TRASPASO PRESUPUESTO PROVEEDOR AL R.F.C. GME540707CD1
0004686365|08/07/2013|0000000000|DEP. REMOTO CH. SBC 0000949|006|4543|$1,983.59|$0.00|$4,918,878.07|295195|CHEQUE RECIBIDO SBC POR SERVICIO DE DEPOSITOS REMOTOS, BCO. 036 CTA. 40128540735 NO.CHEQUE 0000949, REFERENCIA:
0004686365|08/07/2013|0000000000|DEP. REMOTO CH. SBC 9213203|006|4543|$20,001.39|$0.00|$4,938,879.46|295196|CHEQUE RECIBIDO SBC POR SERVICIO DE DEPOSITOS REMOTOS, BCO. 032 CTA. 00013114328 NO.CHEQUE 9213203, REFERENCIA:
0004686365|08/07/2013|0000000000|DEP. REMOTO CH. SBC 0000154|006|4543|$3,487.38|$0.00|$4,942,366.84|295197|CHEQUE RECIBIDO SBC POR SERVICIO DE DEPOSITOS REMOTOS, BCO. 143 CTA. 00000394696 NO.CHEQUE 0000154, REFERENCIA:
0004686365|08/07/2013|0000000000|DEP. REMOTO CH. SBC 0015604|006|4543|$3,675.74|$0.00|$4,946,042.58|295198|CHEQUE RECIBIDO SBC POR SERVICIO DE DEPOSITOS REMOTOS, BCO. 044 CTA. 00106852629 NO.CHEQUE 0015604, REFERENCIA:
0004686365|08/07/2013|0000000000|DEP. REMOTO CH. SBC 0002282|006|4543|$1,611.72|$0.00|$4,947,654.30|295199|CHEQUE RECIBIDO SBC POR SERVICIO DE DEPOSITOS REMOTOS, BCO. 044 CTA. 00101278754 NO.CHEQUE 0002282, REFERENCIA:
0004686365|08/07/2013|0000000000|DEP. REMOTO CH. SBC 0000004|006|4543|$13,485.42|$0.00|$4,961,139.72|295200|CHEQUE RECIBIDO SBC POR SERVICIO DE DEPOSITOS REMOTOS, BCO. 032 CTA. 08001251863 NO.CHEQUE 0000004, REFERENCIA:
0004686365|08/07/2013|0000000000|DEP. REMOTO CH. SBC 0004188|006|4543|$10,707.91|$0.00|$4,971,847.63|295201|CHEQUE RECIBIDO SBC POR SERVICIO DE DEPOSITOS REMOTOS, BCO. 044 CTA. 00101718142 NO.CHEQUE 0004188, REFERENCIA:
0004686365|08/07/2013|0000000000|DEP. REMOTO CH. SBC 0649393|006|4543|$1,378.60|$0.00|$4,973,226.23|295202|CHEQUE RECIBIDO SBC POR SERVICIO DE DEPOSITOS REMOTOS, BCO. 032 CTA. 00014816156 NO.CHEQUE 0649393, REFERENCIA:
0004686365|08/07/2013|0000000000|DEP. REMOTO CH. SBC 8742105|006|4543|$1,532.00|$0.00|$4,974,758.23|295203|CHEQUE RECIBIDO SBC POR SERVICIO DE DEPOSITOS REMOTOS, BCO. 032 CTA. 00012027219 NO.CHEQUE 8742105, REFERENCIA:
0004686365|08/07/2013|0000000000|DEP. REMOTO CH. SBC 0000624|006|4543|$4,500.00|$0.00|$4,979,258.23|295204|CHEQUE RECIBIDO SBC POR SERVICIO DE DEPOSITOS REMOTOS, BCO. 036 CTA. 50000967596 NO.CHEQUE 0000624, REFERENCIA:
0004686365|08/07/2013|0000000000|DEP. REMOTO CH. SBC 0867595|006|4543|$600.00|$0.00|$4,979,858.23|295205|CHEQUE RECIBIDO SBC POR SERVICIO DE DEPOSITOS REMOTOS, BCO. 032 CTA. 00016551044 NO.CHEQUE 0867595, REFERENCIA:
0004686365|08/07/2013|0000000000|DEP. REMOTO CH. SBC 9925681|006|4543|$872.00|$0.00|$4,980,730.23|295206|CHEQUE RECIBIDO SBC POR SERVICIO DE DEPOSITOS REMOTOS, BCO. 032 CTA. 00011343893 NO.CHEQUE 9925681, REFERENCIA:
0004686365|08/07/2013|0000000000|DEP. REMOTO CH. SBC 0000158|006|4543|$500.00|$0.00|$4,981,230.23|295207|CHEQUE RECIBIDO SBC POR SERVICIO DE DEPOSITOS REMOTOS, BCO. 044 CTA. 00105843413 NO.CHEQUE 0000158, REFERENCIA:
0004686365|08/07/2013|0000000000|DEP. REMOTO CH. SBC 0001814|006|4543|$1,000.00|$0.00|$4,982,230.23|295208|CHEQUE RECIBIDO SBC POR SERVICIO DE DEPOSITOS REMOTOS, BCO. 044 CTA. 00101473654 NO.CHEQUE 0001814, REFERENCIA:
0004686365|08/07/2013|0000000000|DEP. REMOTO CH. SBC 9657942|006|4543|$1,791.00|$0.00|$4,984,021.23|295209|CHEQUE RECIBIDO SBC POR SERVICIO DE DEPOSITOS REMOTOS, BCO. 032 CTA. 00012164917 NO.CHEQUE 9657942, REFERENCIA:
0004686365|08/07/2013|0000000000|DEP. REMOTO CH. SBC 0001888|006|4543|$3,000.00|$0.00|$4,987,021.23|295210|CHEQUE RECIBIDO SBC POR SERVICIO DE DEPOSITOS REMOTOS, BCO. 036 CTA. 12942820010 NO.CHEQUE 0001888, REFERENCIA:
0004686365|08/07/2013|0000000000|DEP. REMOTO CH. SBC 0000374|006|4543|$600.00|$0.00|$4,987,621.23|295211|CHEQUE RECIBIDO SBC POR SERVICIO DE DEPOSITOS REMOTOS, BCO. 036 CTA. 40129074835 NO.CHEQUE 0000374, REFERENCIA:
0004686365|08/07/2013|0000000000|DEP. REMOTO CH. SBC 9269531|006|4543|$1,431.90|$0.00|$4,989,053.13|295212|CHEQUE RECIBIDO SBC POR SERVICIO DE DEPOSITOS REMOTOS, BCO. 032 CTA. 00013322974 NO.CHEQUE 9269531, REFERENCIA:
0004686365|08/07/2013|0000000000|DEP. REMOTO CH. SBC 0003356|006|4543|$1,000.00|$0.00|$4,990,053.13|295213|CHEQUE RECIBIDO SBC POR SERVICIO DE DEPOSITOS REMOTOS, BCO. 044 CTA. 00100481165 NO.CHEQUE 0003356, REFERENCIA:
0004686365|08/07/2013|0000000000|DEP. REMOTO CH. SBC 0000064|006|4543|$2,500.00|$0.00|$4,992,553.13|295214|CHEQUE RECIBIDO SBC POR SERVICIO DE DEPOSITOS REMOTOS, BCO. 044 CTA. 00106638600 NO.CHEQUE 0000064, REFERENCIA:
0004686365|08/07/2013|0000000000|DEP. REMOTO CH. SBC 0000331|006|4543|$3,300.00|$0.00|$4,995,853.13|295215|CHEQUE RECIBIDO SBC POR SERVICIO DE DEPOSITOS REMOTOS, BCO. 044 CTA. 00103947807 NO.CHEQUE 0000331, REFERENCIA:
0004686365|08/07/2013|0000000000|DEP. REMOTO CH. SBC 4261098|006|4543|$700.00|$0.00|$4,996,553.13|295216|CHEQUE RECIBIDO SBC POR SERVICIO DE DEPOSITOS REMOTOS, BCO. 032 CTA. 80008378721 NO.CHEQUE 4261098, REFERENCIA:
0004686365|08/07/2013|0000000000|DEP. REMOTO CH. SBC 8793791|006|4543|$800.00|$0.00|$4,997,353.13|295217|CHEQUE RECIBIDO SBC POR SERVICIO DE DEPOSITOS REMOTOS, BCO. 032 CTA. 00013145800 NO.CHEQUE 8793791, REFERENCIA:
0004686365|08/07/2013|0000000000|DEP. REMOTO CH. SBC 0392440|006|4543|$1,764.90|$0.00|$4,999,118.03|295218|CHEQUE RECIBIDO SBC POR SERVICIO DE DEPOSITOS REMOTOS, BCO. 032 CTA. 00014163195 NO.CHEQUE 0392440, REFERENCIA:
0004686365|08/07/2013|0000000000|DEP. REMOTO CH. SBC 9790843|006|4543|$2,646.00|$0.00|$5,001,764.03|295219|CHEQUE RECIBIDO SBC POR SERVICIO DE DEPOSITOS REMOTOS, BCO. 032 CTA. 00010856242 NO.CHEQUE 9790843, REFERENCIA:
0004686365|08/07/2013|0000000000|DEPOSITO REMOTO CHQS.BANORTE|080|4543|$3,100.00|$0.00|$5,004,864.03|295220|TOTAL DE          3 CHEQUES BANORTE RECIBIDOS, POR SERVICIO DE DEPOSITOS REMOTOS., REFERENCIA: 000000705072013
0004686365|08/07/2013|0000000000|DEPOSITO REMOTO CHQS.BANORTE|080|4543|$12,381.94|$0.00|$5,017,245.97|295221|TOTAL DE          7 CHEQUES BANORTE RECIBIDOS, POR SERVICIO DE DEPOSITOS REMOTOS., REFERENCIA: 000000305072013
0004686365|08/07/2013|0000000000|DEPOSITO REMOTO CHQS.BANORTE|080|4543|$41,503.35|$0.00|$5,058,749.32|295222|TOTAL DE          2 CHEQUES BANORTE RECIBIDOS, POR SERVICIO DE DEPOSITOS REMOTOS., REFERENCIA: 000000205072013
0004686365|08/07/2013|0000000000|DEPOSITO REMOTO CHQS.BANORTE|080|4543|$50,170.67|$0.00|$5,108,919.99|295223|TOTAL DE          5 CHEQUES BANORTE RECIBIDOS, POR SERVICIO DE DEPOSITOS REMOTOS., REFERENCIA: 000000105072013
0004686365|08/07/2013|0000000000|DEPOSITO REMOTO CHQS.BANORTE|080|4543|$333.00|$0.00|$5,109,252.99|295224|TOTAL DE          1 CHEQUES BANORTE RECIBIDOS, POR SERVICIO DE DEPOSITOS REMOTOS., REFERENCIA: 000000106072013
0004686365|08/07/2013|0000000000|DEPOSITO REMOTO CHQS.BANORTE|080|4543|$9,431.18|$0.00|$5,118,684.17|295225|TOTAL DE          3 CHEQUES BANORTE RECIBIDOS, POR SERVICIO DE DEPOSITOS REMOTOS., REFERENCIA: 000000206072013
0004686365|08/07/2013|0000000000|DEPOSITO CHQ.BANORTE 0002740|080|0004|$4,000.00|$0.00|$5,122,684.17|295226|DEPOSITO DE LA CUENTA : 0102098866
0004686365|08/07/2013|0000000000|DEP. C/CHEQ IXE|003|0004|$1,790.10|$0.00|$5,124,474.27|295227| 
0004686365|08/07/2013|0000000000|CHQ.LOC.000129|006|0004|$1,798.00|$0.00|$5,126,272.27|295228|BCO :0044 CTA. 0000109310843 NO.CHEQUE 0000000129
0004686365|08/07/2013|0000000000|CHQ.LOC.068203|006|0004|$6,563.64|$0.00|$5,132,835.91|295229|BCO :0042 CTA. 0000270000487 NO.CHEQUE 0000068203
0004686365|08/07/2013|0000000000|CHQ.LOC.068258|006|0004|$7,001.28|$0.00|$5,139,837.19|295230|BCO :0042 CTA. 0000270000487 NO.CHEQUE 0000068258
0004686365|08/07/2013|0000000000|CHQ.LOC.000423|006|0004|$3,295.00|$0.00|$5,143,132.19|295231|BCO :0036 CTA. 0050015384628 NO.CHEQUE 0000000423
0004686365|08/07/2013|0000000000|CHQ.LOC.000365|006|0004|$7,200.00|$0.00|$5,150,332.19|295232|BCO :0132 CTA. 0000000981389 NO.CHEQUE 0000000365
0004686365|08/07/2013|0000000000|DEPOSITO CHQ.BANORTE 0000042|080|0004|$400.00|$0.00|$5,150,732.19|295233|DEPOSITO DE LA CUENTA : 0828908975
0004686365|08/07/2013|0000000000|DEP. C/CHEQ IXE|003|0004|$2,000.00|$0.00|$5,152,732.19|295234| 
0004686365|08/07/2013|0000000000|CHQ.LOC.000134|006|0004|$2,625.48|$0.00|$5,155,357.67|295235|BCO :0036 CTA. 0050016598607 NO.CHEQUE 0000000134
0004686365|08/07/2013|0000000000|DEPOSITO CHQ.BANORTE 0000162|080|0004|$14,498.00|$0.00|$5,169,855.67|295236|DEPOSITO DE LA CUENTA : 0661047745
0004686365|08/07/2013|0000000000|CHQ.LOC.023370|006|0004|$3,804.33|$0.00|$5,173,660.00|295237|BCO :0044 CTA. 0000109110364 NO.CHEQUE 0000023370
0004686365|08/07/2013|0000000000|CHQ.LOC.023369|006|0004|$12,660.00|$0.00|$5,186,320.00|295238|BCO :0044 CTA. 0000109110364 NO.CHEQUE 0000023369
0004686365|08/07/2013|0000000000|DEPOSITO DE CUENTA PROPIA|262|8846|$950,000.00|$0.00|$6,136,320.00|295239|DE LA CUENTA 0515492550, Traspaso Tpv a Concentr
0004686365|08/07/2013|0000000000|DEPOSITO DE CUENTA PROPIA|262|8846|$30,000.00|$0.00|$6,166,320.00|295240|DE LA CUENTA 0526140549, Traspaso Ref a Concentr
0004686365|08/07/2013|0000000000|DEPOSITO DE CUENTA PROPIA|262|8846|$250,000.00|$0.00|$6,416,320.00|295241|DE LA CUENTA 0662334059, Traspaso Est Carb a Conc
0004686365|08/07/2013|0000000000|085901017660318931|003|5663|$110,152.19|$0.00|$6,526,472.19|295242|SPEI RECIBIDO DEL BANCO 0002, DEL CLIENTE GAS METROPOLITANO SA DE CV, DE LA CLABE 002180020842869349   CON RFC  GME540707CD1, CONCEPTO: DEP ELECT DEL DIA TRASP BTE CONCENTRADOR
0004686365|08/07/2013|0000080713|TRASPASO A CUENTA PROPIA|790|8846|$0.00|$5,548,092.64|$978,379.55|295243|IVA:00000000.00    , A LA CUENTA 0089348641, TRASPASO PAGO PEMEX AL R.F.C. GME540707CD1
0004686365|08/07/2013|0000000000|DEPOSITO EN EFECTIVO|000|0357|$7,184.40|$0.00|$985,563.95|295244|MEXICO
0004686365|08/07/2013|0000000000|DEPOSITO EN EFECTIVO|000|0357|$19,928.50|$0.00|$1,005,492.45|295245|MEXICO
0004686365|08/07/2013|0000000000|DEPOSITO EN EFECTIVO|000|0357|$19,460.00|$0.00|$1,024,952.45|295246|MEXICO
0004686365|08/07/2013|0000000000|BNET01001307080000078277|003|5663|$149,908.26|$0.00|$1,174,860.71|295247|SPEI RECIBIDO DEL BANCO 0012, DEL CLIENTE GAS METROPOLITANO SA DE CV, DE LA CLABE 012180001543555987   CON RFC GME540707 CD1, CONCEPTO: TRASPASO BANCOMER A BANORTE CONCENTRADOR
0004686365|08/07/2013|0000000000|BNET01001307080000079717|003|5663|$61,266.67|$0.00|$1,236,127.38|295248|SPEI RECIBIDO DEL BANCO 0012, DEL CLIENTE GAS METROPOLITANO SA DE CV, DE LA CLABE 012180001543555987   CON RFC GME540707 CD1, CONCEPTO: TRASPASO BANCOMER A BANORTE CONCENTRADOR
0004686365|08/07/2013|0000000000|TR004 9597797|003|5663|$23,802.23|$0.00|$1,259,929.61|295249|SPEI RECIBIDO DEL BANCO 0014, DEL CLIENTE GAS METROPOLITANO SA DE CV, DE LA CLABE 014180655015916550   CON RFC GME540707CD1, CONCEPTO: TRASPASO METROPOLITANO SANTANDER 050713
0004686365|08/07/2013|0000000000|TR004 9597798|003|5663|$35,084.22|$0.00|$1,295,013.83|295250|SPEI RECIBIDO DEL BANCO 0014, DEL CLIENTE GAS METROPOLITANO SA DE CV, DE LA CLABE 014180655015916550   CON RFC GME540707CD1, CONCEPTO: TRASPASO METROPOLITANO SANTANDER 060713
0004686365|08/07/2013|0000000000|HSBC033665|003|5663|$129,087.96|$0.00|$1,424,101.79|295251|SPEI RECIBIDO DEL BANCO 0021, DEL CLIENTE GAS METROPOLITANO  S A  DE C V, DE LA CLABE 021180040293499743   CON RFC 0GME540707CD1, CONCEPTO: TRASPASO DE LA CTA 974 DE HSBC DEPOSITOS
0004686365|08/07/2013|0000080713|DEPOSITO DE CUENTA PROPIA|262|8846|$110,000.00|$0.00|$1,534,101.79|295252|DE LA CUENTA 0662334059, TRASPASO EST CARB A CONCENTRAD
0004686365|08/07/2013|0000000000|TR004 9610219|003|5663|$165,000.00|$0.00|$1,699,101.79|295253|SPEI RECIBIDO DEL BANCO 0014, DEL CLIENTE GAS METROPOLITANO SA DE CV, DE LA CLABE 014180655019944968   CON RFC GME540707CD1, CONCEPTO: TRASPASO METROPOLITANO SANTANDER REFEREN
0004686365|08/07/2013|0000080713|DEPOSITO DE CUENTA PROPIA|262|8846|$20,000.00|$0.00|$1,719,101.79|295254|DE LA CUENTA 0513099508, TRASPASO INTERNET A CONCENTRAD
0004686365|08/07/2013|0008072013|TRASPASO A CUENTA PROPIA|790|8846|$0.00|$1,534,034.05|$185,067.74|295255|IVA:00000000.00    , A LA CUENTA 0580295526, TRASPASO RECOLECTORA METRO AL R.F.C. GME540707CD1
0004686365|09/07/2013|0000000000|VENC. CAP. MDD|092|8100|$4,000,000.00|$0.00|$4,185,067.74|295256|CONTRATO 0098937331 FOLIO 28831986 09/07
0004686365|09/07/2013|0000000000|INTERES MDD|093|8100|$2,722.22|$0.00|$4,187,789.96|295257|CONTRATO 0098937331 FOLIO 28831986 09/07
0004686365|09/07/2013|0000000000|Impuesto Sobre la Renta|592|8100|$0.00|$460.27|$4,187,329.69|295258|CONTRATO 0098937331 FOLIO 28831986 09/07
0004686365|09/07/2013|0000000000|DEV.CHQ.LOC.4 C-04 032|503|0316|$0.00|$13,485.42|$4,173,844.27|295259| 
0004686365|09/07/2013|0000000000|DEP. REMOTO CH. SBC 0000173|006|4543|$6,006.78|$0.00|$4,179,851.05|295260|CHEQUE RECIBIDO SBC POR SERVICIO DE DEPOSITOS REMOTOS, BCO. 032 CTA. 00015305317 NO.CHEQUE 0000173, REFERENCIA:
0004686365|09/07/2013|0000000000|DEP. REMOTO CH. SBC 0015500|006|4543|$5,164.77|$0.00|$4,185,015.82|295261|CHEQUE RECIBIDO SBC POR SERVICIO DE DEPOSITOS REMOTOS, BCO. 044 CTA. 00103927997 NO.CHEQUE 0015500, REFERENCIA:
0004686365|09/07/2013|0000000000|DEP. REMOTO CH. SBC 0001013|006|4543|$1,007.76|$0.00|$4,186,023.58|295262|CHEQUE RECIBIDO SBC POR SERVICIO DE DEPOSITOS REMOTOS, BCO. 044 CTA. 00107651759 NO.CHEQUE 0001013, REFERENCIA:
0004686365|09/07/2013|0000000000|DEP. REMOTO CH. SBC 0003924|006|4543|$1,405.56|$0.00|$4,187,429.14|295263|CHEQUE RECIBIDO SBC POR SERVICIO DE DEPOSITOS REMOTOS, BCO. 044 CTA. 00107758960 NO.CHEQUE 0003924, REFERENCIA:
0004686365|09/07/2013|0000000000|DEP. REMOTO CH. SBC 0003977|006|4543|$5,005.65|$0.00|$4,192,434.79|295264|CHEQUE RECIBIDO SBC POR SERVICIO DE DEPOSITOS REMOTOS, BCO. 044 CTA. 00102073897 NO.CHEQUE 0003977, REFERENCIA:
0004686365|09/07/2013|0000000000|DEP. REMOTO CH. SBC 0000649|006|4543|$4,522.14|$0.00|$4,196,956.93|295265|CHEQUE RECIBIDO SBC POR SERVICIO DE DEPOSITOS REMOTOS, BCO. 032 CTA. 00017123593 NO.CHEQUE 0000649, REFERENCIA:
0004686365|09/07/2013|0000000000|DEP. REMOTO CH. SBC 0000134|006|4543|$1,001.13|$0.00|$4,197,958.06|295266|CHEQUE RECIBIDO SBC POR SERVICIO DE DEPOSITOS REMOTOS, BCO. 044 CTA. 00105840163 NO.CHEQUE 0000134, REFERENCIA:
0004686365|09/07/2013|0000000000|DEP. REMOTO CH. SBC 0000873|006|4543|$327.00|$0.00|$4,198,285.06|295267|CHEQUE RECIBIDO SBC POR SERVICIO DE DEPOSITOS REMOTOS, BCO. 036 CTA. 40127521702 NO.CHEQUE 0000873, REFERENCIA:
0004686365|09/07/2013|0000000000|DEP. REMOTO CH. SBC 0002854|006|4543|$139.00|$0.00|$4,198,424.06|295268|CHEQUE RECIBIDO SBC POR SERVICIO DE DEPOSITOS REMOTOS, BCO. 044 CTA. 00105126797 NO.CHEQUE 0002854, REFERENCIA:
0004686365|09/07/2013|0000000000|DEP. REMOTO CH. SBC 0000933|006|4543|$500.00|$0.00|$4,198,924.06|295269|CHEQUE RECIBIDO SBC POR SERVICIO DE DEPOSITOS REMOTOS, BCO. 044 CTA. 00106772854 NO.CHEQUE 0000933, REFERENCIA:
0004686365|09/07/2013|0000000000|DEP. REMOTO CH. SBC 0000843|006|4543|$666.00|$0.00|$4,199,590.06|295270|CHEQUE RECIBIDO SBC POR SERVICIO DE DEPOSITOS REMOTOS, BCO. 044 CTA. 00100450251 NO.CHEQUE 0000843, REFERENCIA:
0004686365|09/07/2013|0000000000|DEP. REMOTO CH. SBC 0000042|006|4543|$1,006.00|$0.00|$4,200,596.06|295271|CHEQUE RECIBIDO SBC POR SERVICIO DE DEPOSITOS REMOTOS, BCO. 044 CTA. 00102146116 NO.CHEQUE 0000042, REFERENCIA:
0004686365|09/07/2013|0000000000|DEP. REMOTO CH. SBC 0000276|006|4543|$1,200.00|$0.00|$4,201,796.06|295272|CHEQUE RECIBIDO SBC POR SERVICIO DE DEPOSITOS REMOTOS, BCO. 036 CTA. 40127816052 NO.CHEQUE 0000276, REFERENCIA:
0004686365|09/07/2013|0000000000|DEP. REMOTO CH. SBC 0000496|006|4543|$1,332.00|$0.00|$4,203,128.06|295273|CHEQUE RECIBIDO SBC POR SERVICIO DE DEPOSITOS REMOTOS, BCO. 044 CTA. 00102739097 NO.CHEQUE 0000496, REFERENCIA:
0004686365|09/07/2013|0000000000|DEP. REMOTO CH. SBC 0000587|006|4543|$1,998.00|$0.00|$4,205,126.06|295274|CHEQUE RECIBIDO SBC POR SERVICIO DE DEPOSITOS REMOTOS, BCO. 044 CTA. 00104262638 NO.CHEQUE 0000587, REFERENCIA:
0004686365|09/07/2013|0000000000|DEP. REMOTO CH. SBC 0000179|006|4543|$350.00|$0.00|$4,205,476.06|295275|CHEQUE RECIBIDO SBC POR SERVICIO DE DEPOSITOS REMOTOS, BCO. 132 CTA. 00000838128 NO.CHEQUE 0000179, REFERENCIA:
0004686365|09/07/2013|0000000000|DEP. REMOTO CH. SBC 8708355|006|4543|$800.00|$0.00|$4,206,276.06|295276|CHEQUE RECIBIDO SBC POR SERVICIO DE DEPOSITOS REMOTOS, BCO. 032 CTA. 00012224480 NO.CHEQUE 8708355, REFERENCIA:
0004686365|09/07/2013|0000000000|DEP. REMOTO CH. SBC 0000438|006|4543|$500.00|$0.00|$4,206,776.06|295277|CHEQUE RECIBIDO SBC POR SERVICIO DE DEPOSITOS REMOTOS, BCO. 036 CTA. 40130536991 NO.CHEQUE 0000438, REFERENCIA:
0004686365|09/07/2013|0000000000|DEP. REMOTO CH. SBC 0000231|006|4543|$599.00|$0.00|$4,207,375.06|295278|CHEQUE RECIBIDO SBC POR SERVICIO DE DEPOSITOS REMOTOS, BCO. 036 CTA. 50006770539 NO.CHEQUE 0000231, REFERENCIA:
0004686365|09/07/2013|0000000000|DEP. REMOTO CH. SBC 0000217|006|4543|$999.00|$0.00|$4,208,374.06|295279|CHEQUE RECIBIDO SBC POR SERVICIO DE DEPOSITOS REMOTOS, BCO. 036 CTA. 40128070194 NO.CHEQUE 0000217, REFERENCIA:
0004686365|09/07/2013|0000000000|DEP. REMOTO CH. SBC 0000096|006|4543|$1,572.00|$0.00|$4,209,946.06|295280|CHEQUE RECIBIDO SBC POR SERVICIO DE DEPOSITOS REMOTOS, BCO. 036 CTA. 50008314532 NO.CHEQUE 0000096, REFERENCIA:
0004686365|09/07/2013|0000000000|DEP. REMOTO CH. SBC 0000260|006|4543|$13,678.00|$0.00|$4,223,624.06|295281|CHEQUE RECIBIDO SBC POR SERVICIO DE DEPOSITOS REMOTOS, BCO. 044 CTA. 00100284300 NO.CHEQUE 0000260, REFERENCIA:
0004686365|09/07/2013|0000000000|DEP. REMOTO CH. SBC 9647751|006|4543|$1,931.40|$0.00|$4,225,555.46|295282|CHEQUE RECIBIDO SBC POR SERVICIO DE DEPOSITOS REMOTOS, BCO. 042 CTA. 00340080653 NO.CHEQUE 9647751, REFERENCIA:
0004686365|09/07/2013|0000000000|DEP. REMOTO CH. SBC 0000145|006|4543|$1,200.00|$0.00|$4,226,755.46|295283|CHEQUE RECIBIDO SBC POR SERVICIO DE DEPOSITOS REMOTOS, BCO. 044 CTA. 00103989038 NO.CHEQUE 0000145, REFERENCIA:
0004686365|09/07/2013|0000000000|DEP. REMOTO CH. SBC 0001707|006|4543|$1,505.00|$0.00|$4,228,260.46|295284|CHEQUE RECIBIDO SBC POR SERVICIO DE DEPOSITOS REMOTOS, BCO. 044 CTA. 00101417215 NO.CHEQUE 0001707, REFERENCIA:
0004686365|09/07/2013|0000000000|DEPOSITO REMOTO CHQS.BANORTE|080|4543|$1,000.00|$0.00|$4,229,260.46|295285|TOTAL DE          2 CHEQUES BANORTE RECIBIDOS, POR SERVICIO DE DEPOSITOS REMOTOS., REFERENCIA: 000000708072013
0004686365|09/07/2013|0000000000|DEPOSITO REMOTO CHQS.BANORTE|080|4543|$1,000.00|$0.00|$4,230,260.46|295286|TOTAL DE          1 CHEQUES BANORTE RECIBIDOS, POR SERVICIO DE DEPOSITOS REMOTOS., REFERENCIA: 000000308072013
0004686365|09/07/2013|0000000000|DEPOSITO REMOTO CHQS.BANORTE|080|4543|$3,638.86|$0.00|$4,233,899.32|295287|TOTAL DE          3 CHEQUES BANORTE RECIBIDOS, POR SERVICIO DE DEPOSITOS REMOTOS., REFERENCIA: 000000108072013
0004686365|09/07/2013|0000000000|DEPOSITO REMOTO CHQS.BANORTE|080|4543|$5,688.72|$0.00|$4,239,588.04|295288|TOTAL DE          2 CHEQUES BANORTE RECIBIDOS, POR SERVICIO DE DEPOSITOS REMOTOS., REFERENCIA: 000000208072013
0004686365|09/07/2013|0000000000|INVERSION MDD|591|8100|$0.00|$4,000,000.00|$239,588.04|295289|CTO 0098937331 09/07
0004686365|09/07/2013|0000000000|DEV.CHEQUE LOCAL 0000000423|506|0316|$0.00|$3,295.00|$236,293.04|295290|FONDOS INSUFICIENTES
0004686365|09/07/2013|0000000000|DEV.CHEQUE LOCAL 0000000365|506|0316|$0.00|$7,200.00|$229,093.04|295291|CHEQUE EXTRAVIADO
0004686365|09/07/2013|0000000000|CHQ.LOC.000458|006|0004|$1,000.00|$0.00|$230,093.04|295292|BCO :0036 CTA. 0050004339070 NO.CHEQUE 0000000458
0004686365|09/07/2013|0000000000|DEPOSITO CHQ.BANORTE 0000179|080|0004|$460.00|$0.00|$230,553.04|295293|DEPOSITO DE LA CUENTA : 0684565930
0004686365|09/07/2013|0000000000|DEPOSITO CHQ.BANORTE 0000943|080|0004|$2,004.66|$0.00|$232,557.70|295294|DEPOSITO DE LA CUENTA : 0613675473
0004686365|09/07/2013|0000000000|DEPOSITO EN EFECTIVO|000|0357|$6,343.00|$0.00|$238,900.70|295295|MEXICO
0004686365|09/07/2013|0000000000|DEPOSITO EN EFECTIVO|000|0357|$7,145.70|$0.00|$246,046.40|295296|MEXICO
0004686365|09/07/2013|0000000000|DEPOSITO EN EFECTIVO|000|0357|$33,553.90|$0.00|$279,600.30|295297|MEXICO
0004686365|09/07/2013|0000000000|DEPOSITO EN EFECTIVO|000|0357|$3,170.00|$0.00|$282,770.30|295298|MEXICO
0004686365|09/07/2013|0000000000|TR004 9712792|003|5663|$34,528.84|$0.00|$317,299.14|295299|SPEI RECIBIDO DEL BANCO 0014, DEL CLIENTE GAS METROPOLITANO SA DE CV, DE LA CLABE 014180655015916550   CON RFC GME540707CD1, CONCEPTO: TRASPASO METROPOLITANO SANTANDER 080713
0004686365|09/07/2013|0000000000|DEPOSITO CHQ.BANORTE 0011755|080|0004|$15,765.75|$0.00|$333,064.89|295300|DEPOSITO DE LA CUENTA : 0672004659
0004686365|09/07/2013|0000000000|085900891090319034|003|5663|$117,493.01|$0.00|$450,557.90|295301|SPEI RECIBIDO DEL BANCO 0002, DEL CLIENTE GAS METROPOLITANO SA DE CV, DE LA CLABE 002180020842869349   CON RFC  GME540707CD1, CONCEPTO: DEP ELECT DEL DIA TRASP BTE CONCENTRADOR
0004686365|09/07/2013|0000000000|HSBC024644|003|5663|$215,659.30|$0.00|$666,217.20|295302|SPEI RECIBIDO DEL BANCO 0021, DEL CLIENTE GAS METROPOLITANO  S A  DE C V, DE LA CLABE 021180040293499743   CON RFC 0GME540707CD1, CONCEPTO: TRASPASO DE LA CTA 974 DE HSBC DEPOSITOS
0004686365|09/07/2013|0000000000|HSBC026745|003|5663|$10,503.42|$0.00|$676,720.62|295303|SPEI RECIBIDO DEL BANCO 0021, DEL CLIENTE GAS METROPOLITANO  S A  DE C V, DE LA CLABE 021180040293499743   CON RFC 0GME540707CD1, CONCEPTO: TRASPASO DE LA CTA 974 DE HSBC COMPLEMEN
0004686365|09/07/2013|0000000000|DEPOSITO DE CUENTA PROPIA|262|8846|$430,000.00|$0.00|$1,106,720.62|295304|DE LA CUENTA 0515492550, Traspaso Tpv a Concentr
0004686365|09/07/2013|0000000000|DEPOSITO DE CUENTA PROPIA|262|8846|$25,000.00|$0.00|$1,131,720.62|295305|DE LA CUENTA 0526140549, Traspaso Ref a Concentr
0004686365|09/07/2013|0000000000|DEPOSITO DE CUENTA PROPIA|262|8846|$240,000.00|$0.00|$1,371,720.62|295306|DE LA CUENTA 0662334059, Traspaso Est Carb a Conc
0004686365|09/07/2013|0000000000|TRASPASO A CUENTA PROPIA|790|8846|$0.00|$250,000.00|$1,121,720.62|295307|IVA:00000000.00    , A LA CUENTA 0559478361, Traspaso Presupuesto Prov AL R.F.C. GME540707CD1
0004686365|09/07/2013|0009072013|TRASPASO A CUENTA PROPIA|790|8846|$0.00|$916,854.03|$204,866.59|295308|IVA:00000000.00    , A LA CUENTA 0580295526, TRASPASO RECOLECTORA METRO AL R.F.C. GME540707CD1
0004686365|10/07/2013|0000000000|DEV.CHEQUE LOCAL 0000000933|506|8068|$0.00|$500.00|$204,366.59|295309|FONDOS INSUFICIENTES
0004686365|10/07/2013|0000000000|DEV.CHEQUE LOCAL 0000003924|506|8068|$0.00|$1,405.56|$202,961.03|295310|SEG. PRESENT. NO AUT
0004686365|10/07/2013|0000000000|BNET0100130710023402|003|5663|$97,151.55|$0.00|$300,112.58|295311|SPEI RECIBIDO DEL BANCO 0012, DEL CLIENTE GAS METROPOLITANO SA DE CV, DE LA CLABE 012180001543555987   CON RFC GME540707 CD1, CONCEPTO: TRASPASO BANCOMER A BANORTE CONCENTRADOR
0004686365|10/07/2013|0000000000|DEP. REMOTO CH. SBC 0563296|006|4543|$1,213.29|$0.00|$301,325.87|295312|CHEQUE RECIBIDO SBC POR SERVICIO DE DEPOSITOS REMOTOS, BCO. 032 CTA. 00013490966 NO.CHEQUE 0563296, REFERENCIA:
0004686365|10/07/2013|0000000000|DEP. REMOTO CH. SBC 8729507|006|4543|$952.38|$0.00|$302,278.25|295313|CHEQUE RECIBIDO SBC POR SERVICIO DE DEPOSITOS REMOTOS, BCO. 032 CTA. 00012134910 NO.CHEQUE 8729507, REFERENCIA:
0004686365|10/07/2013|0000000000|DEP. REMOTO CH. SBC 0708457|006|4543|$7,034.43|$0.00|$309,312.68|295314|CHEQUE RECIBIDO SBC POR SERVICIO DE DEPOSITOS REMOTOS, BCO. 032 CTA. 00014989190 NO.CHEQUE 0708457, REFERENCIA:
0004686365|10/07/2013|0000000000|DEP. REMOTO CH. SBC 0000234|006|4543|$1,711.62|$0.00|$311,024.30|295315|CHEQUE RECIBIDO SBC POR SERVICIO DE DEPOSITOS REMOTOS, BCO. 036 CTA. 50006856735 NO.CHEQUE 0000234, REFERENCIA:
0004686365|10/07/2013|0000000000|DEP. REMOTO CH. SBC 0004154|006|4543|$1,107.21|$0.00|$312,131.51|295316|CHEQUE RECIBIDO SBC POR SERVICIO DE DEPOSITOS REMOTOS, BCO. 044 CTA. 00102680580 NO.CHEQUE 0004154, REFERENCIA:
0004686365|10/07/2013|0000000000|DEP. REMOTO CH. SBC 0000022|006|4543|$680.00|$0.00|$312,811.51|295317|CHEQUE RECIBIDO SBC POR SERVICIO DE DEPOSITOS REMOTOS, BCO. 134 CTA. 10014015804 NO.CHEQUE 0000022, REFERENCIA:
0004686365|10/07/2013|0000000000|DEP. REMOTO CH. SBC 0004399|006|4543|$600.00|$0.00|$313,411.51|295318|CHEQUE RECIBIDO SBC POR SERVICIO DE DEPOSITOS REMOTOS, BCO. 044 CTA. 00100423386 NO.CHEQUE 0004399, REFERENCIA:
0004686365|10/07/2013|0000000000|DEP. REMOTO CH. SBC 0000631|006|4543|$450.00|$0.00|$313,861.51|295319|CHEQUE RECIBIDO SBC POR SERVICIO DE DEPOSITOS REMOTOS, BCO. 036 CTA. 40124794252 NO.CHEQUE 0000631, REFERENCIA:
0004686365|10/07/2013|0000000000|DEP. REMOTO CH. SBC 9714058|006|4543|$666.00|$0.00|$314,527.51|295320|CHEQUE RECIBIDO SBC POR SERVICIO DE DEPOSITOS REMOTOS, BCO. 032 CTA. 00010528814 NO.CHEQUE 9714058, REFERENCIA:
0004686365|10/07/2013|0000000000|DEP. REMOTO CH. SBC 0000208|006|4543|$1,000.00|$0.00|$315,527.51|295321|CHEQUE RECIBIDO SBC POR SERVICIO DE DEPOSITOS REMOTOS, BCO. 032 CTA. 00016324927 NO.CHEQUE 0000208, REFERENCIA:
0004686365|10/07/2013|0000000000|DEP. REMOTO CH. SBC 0683004|006|4543|$2,000.00|$0.00|$317,527.51|295322|CHEQUE RECIBIDO SBC POR SERVICIO DE DEPOSITOS REMOTOS, BCO. 032 CTA. 00014906767 NO.CHEQUE 0683004, REFERENCIA:
0004686365|10/07/2013|0000000000|DEP. REMOTO CH. SBC 0000113|006|4543|$804.00|$0.00|$318,331.51|295323|CHEQUE RECIBIDO SBC POR SERVICIO DE DEPOSITOS REMOTOS, BCO. 044 CTA. 00107512384 NO.CHEQUE 0000113, REFERENCIA:
0004686365|10/07/2013|0000000000|DEP. REMOTO CH. SBC 8227433|006|4543|$1,099.00|$0.00|$319,430.51|295324|CHEQUE RECIBIDO SBC POR SERVICIO DE DEPOSITOS REMOTOS, BCO. 032 CTA. 00011906510 NO.CHEQUE 8227433, REFERENCIA:
0004686365|10/07/2013|0000000000|DEP. REMOTO CH. SBC 0001379|006|4543|$3,899.70|$0.00|$323,330.21|295325|CHEQUE RECIBIDO SBC POR SERVICIO DE DEPOSITOS REMOTOS, BCO. 032 CTA. 00013468731 NO.CHEQUE 0001379, REFERENCIA:
0004686365|10/07/2013|0000000000|DEPOSITO REMOTO CHQS.BANORTE|080|4543|$999.00|$0.00|$324,329.21|295326|TOTAL DE          1 CHEQUES BANORTE RECIBIDOS, POR SERVICIO DE DEPOSITOS REMOTOS., REFERENCIA: 000000709072013
0004686365|10/07/2013|0000000000|DEPOSITO REMOTO CHQS.BANORTE|080|4543|$4,024.80|$0.00|$328,354.01|295327|TOTAL DE          5 CHEQUES BANORTE RECIBIDOS, POR SERVICIO DE DEPOSITOS REMOTOS., REFERENCIA: 000000309072013
0004686365|10/07/2013|0000000000|DEPOSITO REMOTO CHQS.BANORTE|080|4543|$44,835.80|$0.00|$373,189.81|295328|TOTAL DE          3 CHEQUES BANORTE RECIBIDOS, POR SERVICIO DE DEPOSITOS REMOTOS., REFERENCIA: 000000209072013
0004686365|10/07/2013|0000000000|CHQ.LOC.003801|006|0004|$666.00|$0.00|$373,855.81|295329|BCO :0044 CTA. 0000107738579 NO.CHEQUE 0000003801
0004686365|10/07/2013|0000000000|CHQ.LOC.002280|006|0004|$4,927.25|$0.00|$378,783.06|295330|BCO :0044 CTA. 0000102864428 NO.CHEQUE 0000002280
0004686365|10/07/2013|0000000000|DEP. C/CHEQ IXE      0000124|003|0004|$1,000.00|$0.00|$379,783.06|295331| 
0004686365|10/07/2013|0000000000|DEPOSITO CHQ.BANORTE 0001069|080|0004|$1,338.00|$0.00|$381,121.06|295332|DEPOSITO DE LA CUENTA : 0178631745
0004686365|10/07/2013|0000000000|DEPOSITO CHQ.BANORTE 0000942|080|0004|$1,598.40|$0.00|$382,719.46|295333|DEPOSITO DE LA CUENTA : 0613675473
0004686365|10/07/2013|0000000000|DEPOSITO CHQ.BANORTE 0000125|080|0004|$666.00|$0.00|$383,385.46|295334|DEPOSITO DE LA CUENTA : 8000006413
0004686365|10/07/2013|0000000000|DEPOSITO CHQ.BANORTE 0000940|080|0004|$3,330.00|$0.00|$386,715.46|295335|DEPOSITO DE LA CUENTA : 0613675473
0004686365|10/07/2013|0000000000|DEPOSITO CHQ.BANORTE 0000445|080|0004|$5,456.52|$0.00|$392,171.98|295336|DEPOSITO DE LA CUENTA : 0519056651
0004686365|10/07/2013|0000000000|DEP. C/CHEQ IXE|003|0004|$11,322.00|$0.00|$403,493.98|295337| 
0004686365|10/07/2013|0000000000|DEP. C/CHEQ IXE|003|0004|$13,687.04|$0.00|$417,181.02|295338| 
0004686365|10/07/2013|0000000000|DEP. C/CHEQ IXE|003|0004|$42,377.50|$0.00|$459,558.52|295339| 
0004686365|10/07/2013|0000000000|085900662590319137|003|5663|$187,145.59|$0.00|$646,704.11|295340|SPEI RECIBIDO DEL BANCO 0002, DEL CLIENTE GAS METROPOLITANO SA DE CV, DE LA CLABE 002180020842869349   CON RFC  GME540707CD1, CONCEPTO: DEP ELECT DEL DIA TRASP BTE CONCENTRADOR
0004686365|10/07/2013|0000000000|DEPOSITO CHQ.BANORTE 0000046|080|0004|$2,000.00|$0.00|$648,704.11|295341|DEPOSITO DE LA CUENTA : 0846341419
0004686365|10/07/2013|0000000000|DEPOSITO DE CUENTA PROPIA|262|8846|$415,000.00|$0.00|$1,063,704.11|295342|DE LA CUENTA 0515492550, Traspaso Tpv a Concentr
0004686365|10/07/2013|0000000000|DEPOSITO DE CUENTA PROPIA|262|8846|$15,000.00|$0.00|$1,078,704.11|295343|DE LA CUENTA 0526140549, Traspaso Ref a Concentr
0004686365|10/07/2013|0000000000|DEPOSITO DE CUENTA PROPIA|262|8846|$150,000.00|$0.00|$1,228,704.11|295344|DE LA CUENTA 0662334059, Traspaso Est Carb a Conc
0004686365|10/07/2013|0000000000|TRASPASO A CUENTA PROPIA|790|8846|$0.00|$250,000.00|$978,704.11|295345|IVA:00000000.00    , A LA CUENTA 0559478361, Traspaso Presupuesto Prov AL R.F.C. GME540707CD1
0004686365|10/07/2013|0000000000|DEP. REMOTO CH. SBC 6776216|006|4543|$37,972.58|$0.00|$1,016,676.69|295346|CHEQUE RECIBIDO SBC POR SERVICIO DE DEPOSITOS REMOTOS, BCO. 021 CTA. 04029349974 NO.CHEQUE 6776216, REFERENCIA:
0004686365|10/07/2013|0000000000|DEPOSITO EN EFECTIVO|000|0357|$6,897.50|$0.00|$1,023,574.19|295347|MEXICO
0004686365|10/07/2013|0000000000|DEPOSITO EN EFECTIVO|000|0357|$27,816.60|$0.00|$1,051,390.79|295348|MEXICO
0004686365|10/07/2013|0000000000|TR004 9876537|003|5663|$35,611.06|$0.00|$1,087,001.85|295349|SPEI RECIBIDO DEL BANCO 0014, DEL CLIENTE GAS METROPOLITANO SA DE CV, DE LA CLABE 014180655015916550   CON RFC GME540707CD1, CONCEPTO: TRASPASO METROPOLITANO SANTANDER 090713
0004686365|10/07/2013|0010072013|TRASPASO A CUENTA PROPIA|790|8846|$0.00|$964,049.53|$122,952.32|295350|IVA:00000000.00    , A LA CUENTA 0580295526, TRASPASO RECOLECTORA METRO AL R.F.C. GME540707CD1
0004686365|11/07/2013|0000000000|DEV.CHEQUE LOCAL 0000000022|506|8068|$0.00|$680.00|$122,272.32|295351|FONDOS INSUFICIENTES
0004686365|11/07/2013|0000000000|BNET01001307110000021521|003|5663|$73,775.84|$0.00|$196,048.16|295352|SPEI RECIBIDO DEL BANCO 0012, DEL CLIENTE GAS METROPOLITANO SA DE CV, DE LA CLABE 012180001543555987   CON RFC GME540707 CD1, CONCEPTO: TRASPASO BANCOMER A BANORTE CONCENTRADOR
0004686365|11/07/2013|0000000000|BNET01001307110000021989|003|5663|$1,150,000.00|$0.00|$1,346,048.16|295353|SPEI RECIBIDO DEL BANCO 0012, DEL CLIENTE GAS METROPOLITANO SA DE CV, DE LA CLABE 012180001100072777   CON RFC GME540707 CD1, CONCEPTO: TRASPASO BANCOMER A BANORTE CONCENTRADOR
0004686365|11/07/2013|0000000000|DEP. REMOTO CH. SBC 0000064|006|4543|$815.49|$0.00|$1,346,863.65|295354|CHEQUE RECIBIDO SBC POR SERVICIO DE DEPOSITOS REMOTOS, BCO. 044 CTA. 00103431392 NO.CHEQUE 0000064, REFERENCIA:
0004686365|11/07/2013|0000000000|DEP. REMOTO CH. SBC 0000671|006|4543|$1,651.68|$0.00|$1,348,515.33|295355|CHEQUE RECIBIDO SBC POR SERVICIO DE DEPOSITOS REMOTOS, BCO. 036 CTA. 40130332511 NO.CHEQUE 0000671, REFERENCIA:
0004686365|11/07/2013|0000000000|DEP. REMOTO CH. SBC 0002621|006|4543|$5,934.06|$0.00|$1,354,449.39|295356|CHEQUE RECIBIDO SBC POR SERVICIO DE DEPOSITOS REMOTOS, BCO. 030 CTA. 51960190201 NO.CHEQUE 0002621, REFERENCIA:
0004686365|11/07/2013|0000000000|DEP. REMOTO CH. SBC 0014926|006|4543|$2,810.52|$0.00|$1,357,259.91|295357|CHEQUE RECIBIDO SBC POR SERVICIO DE DEPOSITOS REMOTOS, BCO. 044 CTA. 00103868346 NO.CHEQUE 0014926, REFERENCIA:
0004686365|11/07/2013|0000000000|DEP. REMOTO CH. SBC 8102360|006|4543|$600.00|$0.00|$1,357,859.91|295358|CHEQUE RECIBIDO SBC POR SERVICIO DE DEPOSITOS REMOTOS, BCO. 032 CTA. 00011871954 NO.CHEQUE 8102360, REFERENCIA:
0004686365|11/07/2013|0000000000|DEP. REMOTO CH. SBC 0000073|006|4543|$666.00|$0.00|$1,358,525.91|295359|CHEQUE RECIBIDO SBC POR SERVICIO DE DEPOSITOS REMOTOS, BCO. 030 CTA. 78468350201 NO.CHEQUE 0000073, REFERENCIA:
0004686365|11/07/2013|0000000000|DEP. REMOTO CH. SBC 8786975|006|4543|$600.00|$0.00|$1,359,125.91|295360|CHEQUE RECIBIDO SBC POR SERVICIO DE DEPOSITOS REMOTOS, BCO. 032 CTA. 00013161091 NO.CHEQUE 8786975, REFERENCIA:
0004686365|11/07/2013|0000000000|DEP. REMOTO CH. SBC 0000006|006|4543|$1,400.00|$0.00|$1,360,525.91|295361|CHEQUE RECIBIDO SBC POR SERVICIO DE DEPOSITOS REMOTOS, BCO. 032 CTA. 08001294785 NO.CHEQUE 0000006, REFERENCIA:
0004686365|11/07/2013|0000000000|DEP. REMOTO CH. SBC 0000860|006|4543|$666.00|$0.00|$1,361,191.91|295362|CHEQUE RECIBIDO SBC POR SERVICIO DE DEPOSITOS REMOTOS, BCO. 044 CTA. 00103661245 NO.CHEQUE 0000860, REFERENCIA:
0004686365|11/07/2013|0000000000|DEP. REMOTO CH. SBC 0007498|006|4543|$3,963.00|$0.00|$1,365,154.91|295363|CHEQUE RECIBIDO SBC POR SERVICIO DE DEPOSITOS REMOTOS, BCO. 044 CTA. 00103040488 NO.CHEQUE 0007498, REFERENCIA:
0004686365|11/07/2013|0000000000|DEP. REMOTO CH. SBC 0001840|006|4543|$850.00|$0.00|$1,366,004.91|295364|CHEQUE RECIBIDO SBC POR SERVICIO DE DEPOSITOS REMOTOS, BCO. 036 CTA. 12014250016 NO.CHEQUE 0001840, REFERENCIA:
0004686365|11/07/2013|0000000000|DEP. REMOTO CH. SBC 0002583|006|4543|$1,451.90|$0.00|$1,367,456.81|295365|CHEQUE RECIBIDO SBC POR SERVICIO DE DEPOSITOS REMOTOS, BCO. 044 CTA. 00106218962 NO.CHEQUE 0002583, REFERENCIA:
0004686365|11/07/2013|0000000000|DEP. REMOTO CH. SBC 0007242|006|4543|$2,500.00|$0.00|$1,369,956.81|295366|CHEQUE RECIBIDO SBC POR SERVICIO DE DEPOSITOS REMOTOS, BCO. 044 CTA. 00105884578 NO.CHEQUE 0007242, REFERENCIA:
0004686365|11/07/2013|0000000000|DEP. REMOTO CH. SBC 0001051|006|4543|$3,978.00|$0.00|$1,373,934.81|295367|CHEQUE RECIBIDO SBC POR SERVICIO DE DEPOSITOS REMOTOS, BCO. 044 CTA. 00104895169 NO.CHEQUE 0001051, REFERENCIA:
0004686365|11/07/2013|0000000000|DEP. REMOTO CH. SBC 0368854|006|4543|$1,200.00|$0.00|$1,375,134.81|295368|CHEQUE RECIBIDO SBC POR SERVICIO DE DEPOSITOS REMOTOS, BCO. 032 CTA. 00014096811 NO.CHEQUE 0368854, REFERENCIA:
0004686365|11/07/2013|0000000000|DEP. REMOTO CH. SBC 0000039|006|4543|$1,565.10|$0.00|$1,376,699.91|295369|CHEQUE RECIBIDO SBC POR SERVICIO DE DEPOSITOS REMOTOS, BCO. 032 CTA. 00017538785 NO.CHEQUE 0000039, REFERENCIA:
0004686365|11/07/2013|0000000000|DEP. REMOTO CH. SBC 0392445|006|4543|$1,758.00|$0.00|$1,378,457.91|295370|CHEQUE RECIBIDO SBC POR SERVICIO DE DEPOSITOS REMOTOS, BCO. 032 CTA. 00014163195 NO.CHEQUE 0392445, REFERENCIA:
0004686365|11/07/2013|0000000000|DEP. REMOTO CH. SBC 0000459|006|4543|$3,050.00|$0.00|$1,381,507.91|295371|CHEQUE RECIBIDO SBC POR SERVICIO DE DEPOSITOS REMOTOS, BCO. 030 CTA. 48409550201 NO.CHEQUE 0000459, REFERENCIA:
0004686365|11/07/2013|0000000000|DEP. REMOTO CH. SBC 0000031|006|4543|$663.00|$0.00|$1,382,170.91|295372|CHEQUE RECIBIDO SBC POR SERVICIO DE DEPOSITOS REMOTOS, BCO. 032 CTA. 00015750698 NO.CHEQUE 0000031, REFERENCIA:
0004686365|11/07/2013|0000000000|DEP. REMOTO CH. SBC 0300221|006|4543|$2,500.00|$0.00|$1,384,670.91|295373|CHEQUE RECIBIDO SBC POR SERVICIO DE DEPOSITOS REMOTOS, BCO. 032 CTA. 00013896350 NO.CHEQUE 0300221, REFERENCIA:
0004686365|11/07/2013|0000000000|DEP. REMOTO CH. SBC 0001582|006|4543|$2,892.50|$0.00|$1,387,563.41|295374|CHEQUE RECIBIDO SBC POR SERVICIO DE DEPOSITOS REMOTOS, BCO. 032 CTA. 00016308948 NO.CHEQUE 0001582, REFERENCIA:
0004686365|11/07/2013|0000000000|DEP. REMOTO CH. SBC 9967191|006|4543|$3,646.50|$0.00|$1,391,209.91|295375|CHEQUE RECIBIDO SBC POR SERVICIO DE DEPOSITOS REMOTOS, BCO. 032 CTA. 00011219106 NO.CHEQUE 9967191, REFERENCIA:
0004686365|11/07/2013|0000000000|CHQ.LOC.000636|006|0004|$4,837.06|$0.00|$1,396,046.97|295376|BCO :0036 CTA. 0011535890015 NO.CHEQUE 0000000636
0004686365|11/07/2013|0000000000|CHQ.LOC.004749|006|0004|$2,970.24|$0.00|$1,399,017.21|295377|BCO :0044 CTA. 0000103846202 NO.CHEQUE 0000004749
0004686365|11/07/2013|0000000000|CHQ.LOC.039554|006|0004|$3,446.57|$0.00|$1,402,463.78|295378|BCO :0044 CTA. 0000104232267 NO.CHEQUE 0000039554
0004686365|11/07/2013|0000000000|DEPOSITO REMOTO CHQS.BANORTE|080|4543|$1,272.06|$0.00|$1,403,735.84|295379|TOTAL DE          1 CHEQUES BANORTE RECIBIDOS, POR SERVICIO DE DEPOSITOS REMOTOS., REFERENCIA: 000000710072013
0004686365|11/07/2013|0000000000|DEPOSITO REMOTO CHQS.BANORTE|080|4543|$4,458.50|$0.00|$1,408,194.34|295380|TOTAL DE          3 CHEQUES BANORTE RECIBIDOS, POR SERVICIO DE DEPOSITOS REMOTOS., REFERENCIA: 000000110072013
0004686365|11/07/2013|0000000000|DEPOSITO REMOTO CHQS.BANORTE|080|4543|$109,058.44|$0.00|$1,517,252.78|295381|TOTAL DE          4 CHEQUES BANORTE RECIBIDOS, POR SERVICIO DE DEPOSITOS REMOTOS., REFERENCIA: 000000210072013
0004686365|11/07/2013|0000000000|DEP. C/CHEQ IXE|003|0004|$1,500.00|$0.00|$1,518,752.78|295382| 
0004686365|11/07/2013|0000000000|CHQ.LOC.003696|006|0004|$600.00|$0.00|$1,519,352.78|295383|BCO :0044 CTA. 0000103470547 NO.CHEQUE 0000003696
0004686365|11/07/2013|0000000000|TR004 9127341|003|5663|$73,312.42|$0.00|$1,592,665.20|295384|SPEI RECIBIDO DEL BANCO 0014, DEL CLIENTE GAS METROPOLITANO SA DE CV, DE LA CLABE 014180655015916550   CON RFC GME540707CD1, CONCEPTO: TRASPASO METROPOLITANO SANTANDER 100713
0004686365|11/07/2013|0000000000|TR004 9127342|003|5663|$502,864.00|$0.00|$2,095,529.20|295385|SPEI RECIBIDO DEL BANCO 0014, DEL CLIENTE GAS METROPOLITANO SA DE CV, DE LA CLABE 014180655015916550   CON RFC GME540707CD1, CONCEPTO: TRASPASO METROPOLITANO SANTANDER CLIENTE
0004686365|11/07/2013|0000000000|DEP. REMOTO CH. SBC 6776219|006|4543|$35,087.40|$0.00|$2,130,616.60|295386|CHEQUE RECIBIDO SBC POR SERVICIO DE DEPOSITOS REMOTOS, BCO. 021 CTA. 04029349974 NO.CHEQUE 6776219, REFERENCIA:
0004686365|11/07/2013|0000000000|DEPOSITO EN EFECTIVO|000|0357|$7,368.70|$0.00|$2,137,985.30|295387|MEXICO
0004686365|11/07/2013|0000000000|085901435430319238|003|5663|$67,257.68|$0.00|$2,205,242.98|295388|SPEI RECIBIDO DEL BANCO 0002, DEL CLIENTE GAS METROPOLITANO SA DE CV, DE LA CLABE 002180020842869349   CON RFC  GME540707CD1, CONCEPTO: DEP ELECT DEL DIA TRASP BTE CONCENTRADOR
0004686365|11/07/2013|0000000000|085901639350319233|003|5663|$400,000.00|$0.00|$2,605,242.98|295389|SPEI RECIBIDO DEL BANCO 0002, DEL CLIENTE GAS METROPOLITANO SA DE CV, DE LA CLABE 002180020800108615   CON RFC  GME540707CD1, CONCEPTO: TRASPASO CONCENTRADORA BANORTE
0004686365|11/07/2013|0011072013|TRASPASO A CUENTA PROPIA|790|8846|$0.00|$1,032,000.00|$1,573,242.98|295390|IVA:00000000.00    , A LA CUENTA 0559478361, TRASPASO PRESUPUESTO NOMINA AL R.F.C. GME540707CD1
0004686365|11/07/2013|0000000000|DEPOSITO DE CUENTA PROPIA|262|8846|$340,000.00|$0.00|$1,913,242.98|295391|DE LA CUENTA 0515492550, Traspaso Tpv a Concentr
0004686365|11/07/2013|0000000000|DEPOSITO DE CUENTA PROPIA|262|8846|$15,000.00|$0.00|$1,928,242.98|295392|DE LA CUENTA 0526140549, Traspaso Ref a Concentr
0004686365|11/07/2013|0000000000|DEPOSITO DE CUENTA PROPIA|262|8846|$230,000.00|$0.00|$2,158,242.98|295393|DE LA CUENTA 0662334059, Traspaso Est Carb a Conc
0004686365|11/07/2013|0000000000|TRASPASO A CUENTA PROPIA|790|8846|$0.00|$600,000.00|$1,558,242.98|295394|IVA:00000000.00    , A LA CUENTA 0559478361, Traspaso Presupuesto Prov AL R.F.C. GME540707CD1
0004686365|11/07/2013|0011072013|TRASPASO A CUENTA PROPIA|790|8846|$0.00|$1,386,154.95|$172,088.03|295395|IVA:00000000.00    , A LA CUENTA 0580295526, TRASPASO RECOLECTORA METRO AL R.F.C. GME540707CD1
0004686365|11/07/2013|0022072013|TRASPASO A CUENTA PROPIA|790|8846|$0.00|$4,024.03|$168,064.00|295396|IVA:00000000.00    , A LA CUENTA 0089348641, TRASPASO PAGO PEMEX AL R.F.C. GME540707CD1
0004686365|11/07/2013|0018072013|TRASPASO A CUENTA PROPIA|790|8846|$0.00|$9.70|$168,054.30|295397|IVA:00000000.00    , A LA CUENTA 0089348641, TRASPASO PAGO PEMEX AL R.F.C. GME540707CD1
0004686365|12/07/2013|0000000000|BNET0100130712011491|003|5663|$79,138.78|$0.00|$247,193.08|295398|SPEI RECIBIDO DEL BANCO 0012, DEL CLIENTE GAS METROPOLITANO SA DE CV, DE LA CLABE 012180001543555987   CON RFC GME540707 CD1, CONCEPTO: TRASPASO BANCOMER A BANORTE CONCENTRADOR
0004686365|12/07/2013|0000000000|DEPOSITO DE CUENTA PROPIA|262|8846|$325,000.00|$0.00|$572,193.08|295399|DE LA CUENTA 0515492550, Traspaso Tpv a Concentr
0004686365|12/07/2013|0000000000|DEPOSITO DE CUENTA PROPIA|262|8846|$25,000.00|$0.00|$597,193.08|295400|DE LA CUENTA 0526140549, Traspaso Ref a Concentr
0004686365|12/07/2013|0000000000|DEPOSITO DE CUENTA PROPIA|262|8846|$120,000.00|$0.00|$717,193.08|295401|DE LA CUENTA 0662334059, Traspaso Est Carb a Conc
0004686365|12/07/2013|0000000000|TRASPASO A CUENTA PROPIA|790|8846|$0.00|$600,000.00|$117,193.08|295402|IVA:00000000.00    , A LA CUENTA 0559478361, Traspaso Presupuesto Prov AL R.F.C. GME540707CD1
0004686365|12/07/2013|0000000000|DEPOSITO CHQ.BANORTE 0006226|080|0004|$5,549.31|$0.00|$122,742.39|295403|DEPOSITO DE LA CUENTA : 0579702363
0004686365|12/07/2013|0000000000|CHQ.LOC.007857|006|0004|$1,500.00|$0.00|$124,242.39|295404|BCO :0044 CTA. 0000109003673 NO.CHEQUE 0000007857
0004686365|12/07/2013|0000000000|DEPOSITO CHQ.BANORTE 0000066|080|0004|$1,997.04|$0.00|$126,239.43|295405|DEPOSITO DE LA CUENTA : 0844460866
0004686365|12/07/2013|0000000000|DEPOSITO CHQ.BANORTE 0000945|080|0004|$2,331.00|$0.00|$128,570.43|295406|DEPOSITO DE LA CUENTA : 0613675473
0004686365|12/07/2013|0000000000|DEPOSITO CHQ.BANORTE 0002277|080|0004|$3,032.00|$0.00|$131,602.43|295407|DEPOSITO DE LA CUENTA : 0299006166
0004686365|12/07/2013|0000000000|3573670198|003|5663|$830,000.00|$0.00|$961,602.43|295408|SPEI RECIBIDO DEL BANCO 0044, DEL CLIENTE GAS METROPOLITANO SA DE CV, DE LA CLABE 044180001005708509   CON RFC RFC NO DISPONIBLE, CONCEPTO: TRASPASO CONCENTRADORA BANORTE
0004686365|12/07/2013|0000000000|DEP. REMOTO CH. SBC 8333109|006|4543|$2,919.37|$0.00|$964,521.80|295409|CHEQUE RECIBIDO SBC POR SERVICIO DE DEPOSITOS REMOTOS, BCO. 032 CTA. 00013043293 NO.CHEQUE 8333109, REFERENCIA:
0004686365|12/07/2013|0000000000|DEP. REMOTO CH. SBC 9433153|006|4543|$1,238.76|$0.00|$965,760.56|295410|CHEQUE RECIBIDO SBC POR SERVICIO DE DEPOSITOS REMOTOS, BCO. 032 CTA. 00012088110 NO.CHEQUE 9433153, REFERENCIA:
0004686365|12/07/2013|0000000000|DEP. REMOTO CH. SBC 0003466|006|4543|$1,605.06|$0.00|$967,365.62|295411|CHEQUE RECIBIDO SBC POR SERVICIO DE DEPOSITOS REMOTOS, BCO. 037 CTA. 00300047244 NO.CHEQUE 0003466, REFERENCIA:
0004686365|12/07/2013|0000000000|DEP. REMOTO CH. SBC 0000128|006|4543|$1,525.14|$0.00|$968,890.76|295412|CHEQUE RECIBIDO SBC POR SERVICIO DE DEPOSITOS REMOTOS, BCO. 044 CTA. 00105911524 NO.CHEQUE 0000128, REFERENCIA:
0004686365|12/07/2013|0000000000|DEP. REMOTO CH. SBC 0000332|006|4543|$1,001.13|$0.00|$969,891.89|295413|CHEQUE RECIBIDO SBC POR SERVICIO DE DEPOSITOS REMOTOS, BCO. 044 CTA. 00102529022 NO.CHEQUE 0000332, REFERENCIA:
0004686365|12/07/2013|0000000000|DEP. REMOTO CH. SBC 0000499|006|4543|$400.00|$0.00|$970,291.89|295414|CHEQUE RECIBIDO SBC POR SERVICIO DE DEPOSITOS REMOTOS, BCO. 044 CTA. 00103839346 NO.CHEQUE 0000499, REFERENCIA:
0004686365|12/07/2013|0000000000|DEP. REMOTO CH. SBC 0000339|006|4543|$667.00|$0.00|$970,958.89|295415|CHEQUE RECIBIDO SBC POR SERVICIO DE DEPOSITOS REMOTOS, BCO. 036 CTA. 40123640553 NO.CHEQUE 0000339, REFERENCIA:
0004686365|12/07/2013|0000000000|DEP. REMOTO CH. SBC 0000400|006|4543|$1,298.70|$0.00|$972,257.59|295416|CHEQUE RECIBIDO SBC POR SERVICIO DE DEPOSITOS REMOTOS, BCO. 044 CTA. 00101429353 NO.CHEQUE 0000400, REFERENCIA:
0004686365|12/07/2013|0000000000|DEP. REMOTO CH. SBC 0000053|006|4543|$600.00|$0.00|$972,857.59|295417|CHEQUE RECIBIDO SBC POR SERVICIO DE DEPOSITOS REMOTOS, BCO. 036 CTA. 50015125317 NO.CHEQUE 0000053, REFERENCIA:
0004686365|12/07/2013|0000000000|DEP. REMOTO CH. SBC 0001677|006|4543|$666.00|$0.00|$973,523.59|295418|CHEQUE RECIBIDO SBC POR SERVICIO DE DEPOSITOS REMOTOS, BCO. 036 CTA. 40123772093 NO.CHEQUE 0001677, REFERENCIA:
0004686365|12/07/2013|0000000000|DEP. REMOTO CH. SBC 0001243|006|4543|$499.50|$0.00|$974,023.09|295419|CHEQUE RECIBIDO SBC POR SERVICIO DE DEPOSITOS REMOTOS, BCO. 044 CTA. 00105878853 NO.CHEQUE 0001243, REFERENCIA:
0004686365|12/07/2013|0000000000|DEP. REMOTO CH. SBC 0000168|006|4543|$600.00|$0.00|$974,623.09|295420|CHEQUE RECIBIDO SBC POR SERVICIO DE DEPOSITOS REMOTOS, BCO. 044 CTA. 00109132716 NO.CHEQUE 0000168, REFERENCIA:
0004686365|12/07/2013|0000000000|DEP. REMOTO CH. SBC 0000334|006|4543|$666.00|$0.00|$975,289.09|295421|CHEQUE RECIBIDO SBC POR SERVICIO DE DEPOSITOS REMOTOS, BCO. 044 CTA. 00105076684 NO.CHEQUE 0000334, REFERENCIA:
0004686365|12/07/2013|0000000000|DEP. REMOTO CH. SBC 0000068|006|4543|$999.00|$0.00|$976,288.09|295422|CHEQUE RECIBIDO SBC POR SERVICIO DE DEPOSITOS REMOTOS, BCO. 044 CTA. 00104228839 NO.CHEQUE 0000068, REFERENCIA:
0004686365|12/07/2013|0000000000|DEP. REMOTO CH. SBC 0001100|006|4543|$1,365.00|$0.00|$977,653.09|295423|CHEQUE RECIBIDO SBC POR SERVICIO DE DEPOSITOS REMOTOS, BCO. 044 CTA. 00103919986 NO.CHEQUE 0001100, REFERENCIA:
0004686365|12/07/2013|0000000000|DEP. REMOTO CH. SBC 0002279|006|4543|$6,191.30|$0.00|$983,844.39|295424|CHEQUE RECIBIDO SBC POR SERVICIO DE DEPOSITOS REMOTOS, BCO. 032 CTA. 00015732924 NO.CHEQUE 0002279, REFERENCIA:
0004686365|12/07/2013|0000000000|DEP. REMOTO CH. SBC 0000713|006|4543|$3,496.50|$0.00|$987,340.89|295425|CHEQUE RECIBIDO SBC POR SERVICIO DE DEPOSITOS REMOTOS, BCO. 036 CTA. 40127201856 NO.CHEQUE 0000713, REFERENCIA:
0004686365|12/07/2013|0000000000|DEP. REMOTO CH. SBC 0000012|006|4543|$1,898.00|$0.00|$989,238.89|295426|CHEQUE RECIBIDO SBC POR SERVICIO DE DEPOSITOS REMOTOS, BCO. 032 CTA. 08001283976 NO.CHEQUE 0000012, REFERENCIA:
0004686365|12/07/2013|0000000000|DEP. REMOTO CH. SBC 0000067|006|4543|$399.60|$0.00|$989,638.49|295427|CHEQUE RECIBIDO SBC POR SERVICIO DE DEPOSITOS REMOTOS, BCO. 044 CTA. 00104228839 NO.CHEQUE 0000067, REFERENCIA:
0004686365|12/07/2013|0000000000|DEP. REMOTO CH. SBC 0007336|006|4543|$1,998.00|$0.00|$991,636.49|295428|CHEQUE RECIBIDO SBC POR SERVICIO DE DEPOSITOS REMOTOS, BCO. 044 CTA. 00102848546 NO.CHEQUE 0007336, REFERENCIA:
0004686365|12/07/2013|0000000000|DEPOSITO REMOTO CHQS.BANORTE|080|4543|$2,817.18|$0.00|$994,453.67|295429|TOTAL DE          1 CHEQUES BANORTE RECIBIDOS, POR SERVICIO DE DEPOSITOS REMOTOS., REFERENCIA: 000000003110713
0004686365|12/07/2013|0000000000|DEPOSITO REMOTO CHQS.BANORTE|080|4543|$20,141.36|$0.00|$1,014,595.03|295430|TOTAL DE          2 CHEQUES BANORTE RECIBIDOS, POR SERVICIO DE DEPOSITOS REMOTOS., REFERENCIA: 000000002110713
0004686365|12/07/2013|0000000000|DEPOSITO EN EFECTIVO|000|0357|$28,250.20|$0.00|$1,042,845.23|295431|MEXICO
0004686365|12/07/2013|0000000000|DEPOSITO EN EFECTIVO|000|0357|$350.00|$0.00|$1,043,195.23|295432|MEXICO
0004686365|12/07/2013|0000000000|TR004 9362024|003|5663|$57,690.15|$0.00|$1,100,885.38|295433|SPEI RECIBIDO DEL BANCO 0014, DEL CLIENTE GAS METROPOLITANO SA DE CV, DE LA CLABE 014180655015916550   CON RFC GME540707CD1, CONCEPTO: TRASPASO METROPOLITANO SANTANDER 110713
0004686365|12/07/2013|0000000000|085902019480319337|003|5663|$2,800,000.00|$0.00|$3,900,885.38|295434|SPEI RECIBIDO DEL BANCO 0002, DEL CLIENTE GAS METROPOLITANO SA DE CV, DE LA CLABE 002180020800108615   CON RFC  GME540707CD1, CONCEPTO: TRASPASO CONCENTRADORA BANORTE
0004686365|12/07/2013|0000000000|085902080320319339|003|5663|$223,162.80|$0.00|$4,124,048.18|295435|SPEI RECIBIDO DEL BANCO 0002, DEL CLIENTE GAS METROPOLITANO SA DE CV, DE LA CLABE 002180020842869349   CON RFC  GME540707CD1, CONCEPTO: DEP ELECT DEL DIA TRASP BTE CONCENTRADOR
0004686365|12/07/2013|0000000000|DEP. REMOTO CH. SBC 6776220|006|4543|$87,406.78|$0.00|$4,211,454.96|295436|CHEQUE RECIBIDO SBC POR SERVICIO DE DEPOSITOS REMOTOS, BCO. 021 CTA. 04029349974 NO.CHEQUE 6776220, REFERENCIA:
0004686365|12/07/2013|0000120713|TRASPASO A CUENTA PROPIA|790|8846|$0.00|$850,000.00|$3,361,454.96|295437|IVA:00000000.00    , A LA CUENTA 0559478361, TRASPASO PRESUPUESTO PROVEEDOR AL R.F.C. GME540707CD1
0004686365|12/07/2013|0000120713|TRASPASO DE CTA :   0559478361|004|4264|$25,700.00|$0.00|$3,387,154.96|295438|DE CUENTA 0559478361, TERCEROS
0004686365|12/07/2013|0000000000|DEPOSITO DE CUENTA PROPIA|262|8846|$42,205.91|$0.00|$3,429,360.87|295439|DE LA CUENTA 0576071086, Traspaso Presupuesto Proveedor
0004686365|13/07/2013|0000130713|TRASPASO A CUENTA PROPIA|790|8846|$0.00|$100,000.00|$3,329,360.87|295440|IVA:00000000.00    , A LA CUENTA 0559478361, TRASPASO PRESUPUESTO PROVEEDOR AL R.F.C. GME540707CD1
0004686365|15/07/2013|0000000000|DEV.CHEQUE LOCAL 0000000053|506|8068|$0.00|$600.00|$3,328,760.87|295441|NO MINISTRADOS AL LB
0004686365|15/07/2013|0000000000|BNET0100130715011192|003|5663|$297,308.60|$0.00|$3,626,069.47|295442|SPEI RECIBIDO DEL BANCO 0012, DEL CLIENTE GAS METROPOLITANO SA DE CV, DE LA CLABE 012180001543555987   CON RFC GME540707 CD1, CONCEPTO: TRASPASO BANCOMER A BANORTE CONCENTRADOR
0004686365|15/07/2013|0000150713|DEPOSITO DE CUENTA PROPIA|262|8846|$885,000.00|$0.00|$4,511,069.47|295443|DE LA CUENTA 0515492550, TRASPASO TPV A CONCENTRADORA
0004686365|15/07/2013|0000000000|DEPOSITO EN EFECTIVO|000|0357|$10,684.10|$0.00|$4,521,753.57|295444|MEXICO
0004686365|15/07/2013|0000000000|DEPOSITO EN EFECTIVO|000|0357|$8,775.00|$0.00|$4,530,528.57|295445|MEXICO
0004686365|15/07/2013|0000000000|DEPOSITO EN EFECTIVO|000|0357|$5,123.50|$0.00|$4,535,652.07|295446|MEXICO
0004686365|15/07/2013|0000150713|TRASPASO A CUENTA PROPIA|790|8846|$0.00|$4,293,791.56|$241,860.51|295447|IVA:00000000.00    , A LA CUENTA 0089348641, TRASPASO PAGO PEMEX AL R.F.C. GME540707CD1
0004686365|15/07/2013|0000000000|DEP. REMOTO CH. SBC 0392451|006|4543|$1,551.78|$0.00|$243,412.29|295448|CHEQUE RECIBIDO SBC POR SERVICIO DE DEPOSITOS REMOTOS, BCO. 032 CTA. 00014163195 NO.CHEQUE 0392451, REFERENCIA:
0004686365|15/07/2013|0000000000|DEP. REMOTO CH. SBC 0004049|006|4543|$1,085.58|$0.00|$244,497.87|295449|CHEQUE RECIBIDO SBC POR SERVICIO DE DEPOSITOS REMOTOS, BCO. 044 CTA. 00106502067 NO.CHEQUE 0004049, REFERENCIA:
0004686365|15/07/2013|0000000000|DEP. REMOTO CH. SBC 9611634|006|4543|$1,717.17|$0.00|$246,215.04|295450|CHEQUE RECIBIDO SBC POR SERVICIO DE DEPOSITOS REMOTOS, BCO. 032 CTA. 00012088102 NO.CHEQUE 9611634, REFERENCIA:
0004686365|15/07/2013|0000000000|DEP. REMOTO CH. SBC 0000117|006|4543|$349.27|$0.00|$246,564.31|295451|CHEQUE RECIBIDO SBC POR SERVICIO DE DEPOSITOS REMOTOS, BCO. 036 CTA. 50016771706 NO.CHEQUE 0000117, REFERENCIA:
0004686365|15/07/2013|0000000000|DEP. REMOTO CH. SBC 0000156|006|4543|$839.16|$0.00|$247,403.47|295452|CHEQUE RECIBIDO SBC POR SERVICIO DE DEPOSITOS REMOTOS, BCO. 036 CTA. 50000181293 NO.CHEQUE 0000156, REFERENCIA:
0004686365|15/07/2013|0000000000|DEP. REMOTO CH. SBC 0000027|006|4543|$845.82|$0.00|$248,249.29|295453|CHEQUE RECIBIDO SBC POR SERVICIO DE DEPOSITOS REMOTOS, BCO. 044 CTA. 00105314534 NO.CHEQUE 0000027, REFERENCIA:
0004686365|15/07/2013|0000000000|DEP. REMOTO CH. SBC 0000170|006|4543|$9,871.82|$0.00|$258,121.11|295454|CHEQUE RECIBIDO SBC POR SERVICIO DE DEPOSITOS REMOTOS, BCO. 030 CTA. 77504250201 NO.CHEQUE 0000170, REFERENCIA:
0004686365|15/07/2013|0000000000|DEP. REMOTO CH. SBC 0004893|006|4543|$6,603.72|$0.00|$264,724.83|295455|CHEQUE RECIBIDO SBC POR SERVICIO DE DEPOSITOS REMOTOS, BCO. 032 CTA. 00012378542 NO.CHEQUE 0004893, REFERENCIA:
0004686365|15/07/2013|0000000000|DEP. REMOTO CH. SBC 0000316|006|4543|$699.30|$0.00|$265,424.13|295456|CHEQUE RECIBIDO SBC POR SERVICIO DE DEPOSITOS REMOTOS, BCO. 044 CTA. 00109799117 NO.CHEQUE 0000316, REFERENCIA:
0004686365|15/07/2013|0000000000|DEP. REMOTO CH. SBC 0005716|006|4543|$1,105.50|$0.00|$266,529.63|295457|CHEQUE RECIBIDO SBC POR SERVICIO DE DEPOSITOS REMOTOS, BCO. 044 CTA. 00103140318 NO.CHEQUE 0005716, REFERENCIA:
0004686365|15/07/2013|0000000000|DEP. REMOTO CH. SBC 0001777|006|4543|$1,265.00|$0.00|$267,794.63|295458|CHEQUE RECIBIDO SBC POR SERVICIO DE DEPOSITOS REMOTOS, BCO. 044 CTA. 00103827844 NO.CHEQUE 0001777, REFERENCIA:
0004686365|15/07/2013|0000000000|DEP. REMOTO CH. SBC 0000246|006|4543|$1,500.00|$0.00|$269,294.63|295459|CHEQUE RECIBIDO SBC POR SERVICIO DE DEPOSITOS REMOTOS, BCO. 044 CTA. 00109222960 NO.CHEQUE 0000246, REFERENCIA:
0004686365|15/07/2013|0000000000|DEP. REMOTO CH. SBC 9875877|006|4543|$500.00|$0.00|$269,794.63|295460|CHEQUE RECIBIDO SBC POR SERVICIO DE DEPOSITOS REMOTOS, BCO. 032 CTA. 00011455284 NO.CHEQUE 9875877, REFERENCIA:
0004686365|15/07/2013|0000000000|DEP. REMOTO CH. SBC 0000159|006|4543|$500.00|$0.00|$270,294.63|295461|CHEQUE RECIBIDO SBC POR SERVICIO DE DEPOSITOS REMOTOS, BCO. 044 CTA. 00105843413 NO.CHEQUE 0000159, REFERENCIA:
0004686365|15/07/2013|0000000000|DEP. REMOTO CH. SBC 0000511|006|4543|$670.00|$0.00|$270,964.63|295462|CHEQUE RECIBIDO SBC POR SERVICIO DE DEPOSITOS REMOTOS, BCO. 044 CTA. 00106286380 NO.CHEQUE 0000511, REFERENCIA:
0004686365|15/07/2013|0000000000|DEP. REMOTO CH. SBC 0000205|006|4543|$680.00|$0.00|$271,644.63|295463|CHEQUE RECIBIDO SBC POR SERVICIO DE DEPOSITOS REMOTOS, BCO. 044 CTA. 00103728129 NO.CHEQUE 0000205, REFERENCIA:
0004686365|15/07/2013|0000000000|DEP. REMOTO CH. SBC 0003334|006|4543|$730.00|$0.00|$272,374.63|295464|CHEQUE RECIBIDO SBC POR SERVICIO DE DEPOSITOS REMOTOS, BCO. 044 CTA. 00104562097 NO.CHEQUE 0003334, REFERENCIA:
0004686365|15/07/2013|0000000000|DEP. REMOTO CH. SBC 0000123|006|4543|$1,000.00|$0.00|$273,374.63|295465|CHEQUE RECIBIDO SBC POR SERVICIO DE DEPOSITOS REMOTOS, BCO. 044 CTA. 00102766822 NO.CHEQUE 0000123, REFERENCIA:
0004686365|15/07/2013|0000000000|DEP. REMOTO CH. SBC 0001468|006|4543|$3,000.00|$0.00|$276,374.63|295466|CHEQUE RECIBIDO SBC POR SERVICIO DE DEPOSITOS REMOTOS, BCO. 044 CTA. 00102180162 NO.CHEQUE 0001468, REFERENCIA:
0004686365|15/07/2013|0000000000|DEP. REMOTO CH. SBC 0001258|006|4543|$3,965.00|$0.00|$280,339.63|295467|CHEQUE RECIBIDO SBC POR SERVICIO DE DEPOSITOS REMOTOS, BCO. 044 CTA. 00101191276 NO.CHEQUE 0001258, REFERENCIA:
0004686365|15/07/2013|0000000000|DEP. REMOTO CH. SBC 0000096|006|4543|$5,555.00|$0.00|$285,894.63|295468|CHEQUE RECIBIDO SBC POR SERVICIO DE DEPOSITOS REMOTOS, BCO. 032 CTA. 00018189148 NO.CHEQUE 0000096, REFERENCIA:
0004686365|15/07/2013|0000000000|DEP. REMOTO CH. SBC 0004894|006|4543|$6,603.60|$0.00|$292,498.23|295469|CHEQUE RECIBIDO SBC POR SERVICIO DE DEPOSITOS REMOTOS, BCO. 032 CTA. 00012378542 NO.CHEQUE 0004894, REFERENCIA:
0004686365|15/07/2013|0000000000|DEP. REMOTO CH. SBC 0000463|006|4543|$2,977.00|$0.00|$295,475.23|295470|CHEQUE RECIBIDO SBC POR SERVICIO DE DEPOSITOS REMOTOS, BCO. 030 CTA. 48409550201 NO.CHEQUE 0000463, REFERENCIA:
0004686365|15/07/2013|0000000000|DEP. REMOTO CH. SBC 0000042|006|4543|$799.20|$0.00|$296,274.43|295471|CHEQUE RECIBIDO SBC POR SERVICIO DE DEPOSITOS REMOTOS, BCO. 036 CTA. 50014682323 NO.CHEQUE 0000042, REFERENCIA:
0004686365|15/07/2013|0000000000|DEP. REMOTO CH. SBC 0000059|006|4543|$1,000.00|$0.00|$297,274.43|295472|CHEQUE RECIBIDO SBC POR SERVICIO DE DEPOSITOS REMOTOS, BCO. 036 CTA. 50009420426 NO.CHEQUE 0000059, REFERENCIA:
0004686365|15/07/2013|0000000000|DEP. REMOTO CH. SBC 0739251|006|4543|$700.00|$0.00|$297,974.43|295473|CHEQUE RECIBIDO SBC POR SERVICIO DE DEPOSITOS REMOTOS, BCO. 032 CTA. 00015104451 NO.CHEQUE 0739251, REFERENCIA:
0004686365|15/07/2013|0000000000|DEP. REMOTO CH. SBC 0824990|006|4543|$999.00|$0.00|$298,973.43|295474|CHEQUE RECIBIDO SBC POR SERVICIO DE DEPOSITOS REMOTOS, BCO. 032 CTA. 00016397762 NO.CHEQUE 0824990, REFERENCIA:
0004686365|15/07/2013|0000000000|DEP. REMOTO CH. SBC 0000062|006|4543|$5,321.00|$0.00|$304,294.43|295475|CHEQUE RECIBIDO SBC POR SERVICIO DE DEPOSITOS REMOTOS, BCO. 032 CTA. 00017251532 NO.CHEQUE 0000062, REFERENCIA:
0004686365|15/07/2013|0000000000|DEP. REMOTO CH. SBC 0000068|006|4543|$800.00|$0.00|$305,094.43|295476|CHEQUE RECIBIDO SBC POR SERVICIO DE DEPOSITOS REMOTOS, BCO. 036 CTA. 50015134368 NO.CHEQUE 0000068, REFERENCIA:
0004686365|15/07/2013|0000000000|DEP. REMOTO CH. SBC 9864619|006|4543|$10,000.00|$0.00|$315,094.43|295477|CHEQUE RECIBIDO SBC POR SERVICIO DE DEPOSITOS REMOTOS, BCO. 032 CTA. 00011237023 NO.CHEQUE 9864619, REFERENCIA:
0004686365|15/07/2013|0000000000|DEP. REMOTO CH. SBC 0000061|006|4543|$12,300.00|$0.00|$327,394.43|295478|CHEQUE RECIBIDO SBC POR SERVICIO DE DEPOSITOS REMOTOS, BCO. 032 CTA. 00017251532 NO.CHEQUE 0000061, REFERENCIA:
0004686365|15/07/2013|0000000000|DEP. REMOTO CH. SBC 0000401|006|4543|$500.00|$0.00|$327,894.43|295479|CHEQUE RECIBIDO SBC POR SERVICIO DE DEPOSITOS REMOTOS, BCO. 044 CTA. 00102431610 NO.CHEQUE 0000401, REFERENCIA:
0004686365|15/07/2013|0000000000|DEP. REMOTO CH. SBC 0002069|006|4543|$2,010.00|$0.00|$329,904.43|295480|CHEQUE RECIBIDO SBC POR SERVICIO DE DEPOSITOS REMOTOS, BCO. 044 CTA. 00104128206 NO.CHEQUE 0002069, REFERENCIA:
0004686365|15/07/2013|0000000000|DEP. REMOTO CH. SBC 0000332|006|4543|$2,900.00|$0.00|$332,804.43|295481|CHEQUE RECIBIDO SBC POR SERVICIO DE DEPOSITOS REMOTOS, BCO. 044 CTA. 00103947807 NO.CHEQUE 0000332, REFERENCIA:
0004686365|15/07/2013|0000000000|DEPOSITO REMOTO CHQS.BANORTE|080|4543|$802.54|$0.00|$333,606.97|295482|TOTAL DE          1 CHEQUES BANORTE RECIBIDOS, POR SERVICIO DE DEPOSITOS REMOTOS., REFERENCIA: 000000007120713
0004686365|15/07/2013|0000000000|DEPOSITO REMOTO CHQS.BANORTE|080|4543|$3,643.00|$0.00|$337,249.97|295483|TOTAL DE          1 CHEQUES BANORTE RECIBIDOS, POR SERVICIO DE DEPOSITOS REMOTOS., REFERENCIA: 000000002120713
0004686365|15/07/2013|0000000000|DEPOSITO REMOTO CHQS.BANORTE|080|4543|$10,558.06|$0.00|$347,808.03|295484|TOTAL DE          1 CHEQUES BANORTE RECIBIDOS, POR SERVICIO DE DEPOSITOS REMOTOS., REFERENCIA: 000000003120713
0004686365|15/07/2013|0000000000|DEPOSITO REMOTO CHQS.BANORTE|080|4543|$779.22|$0.00|$348,587.25|295485|TOTAL DE          1 CHEQUES BANORTE RECIBIDOS, POR SERVICIO DE DEPOSITOS REMOTOS., REFERENCIA: 000000007130713
0004686365|15/07/2013|0000000000|DEPOSITO REMOTO CHQS.BANORTE|080|4543|$3,149.83|$0.00|$351,737.08|295486|TOTAL DE          2 CHEQUES BANORTE RECIBIDOS, POR SERVICIO DE DEPOSITOS REMOTOS., REFERENCIA: 000000001130713
0004686365|15/07/2013|0000000000|DEPOSITO CHQ.BANORTE 0000712|080|0004|$1,871.46|$0.00|$353,608.54|295487|DEPOSITO DE LA CUENTA : 0557479748
0004686365|15/07/2013|0000000000|DEPOSITO CHQ.BANORTE 0001834|080|0004|$3,469.86|$0.00|$357,078.40|295488|DEPOSITO DE LA CUENTA : 0814565812
0004686365|15/07/2013|0000000000|TR004 9629617|003|5663|$5,868.06|$0.00|$362,946.46|295489|SPEI RECIBIDO DEL BANCO 0014, DEL CLIENTE GAS METROPOLITANO SA DE CV, DE LA CLABE 014180655015916550   CON RFC GME540707CD1, CONCEPTO: TRASPASO METROPOLITANO SANTANDER 130713
0004686365|15/07/2013|0000000000|TR004 9629614|003|5663|$29,282.77|$0.00|$392,229.23|295490|SPEI RECIBIDO DEL BANCO 0014, DEL CLIENTE GAS METROPOLITANO SA DE CV, DE LA CLABE 014180655015916550   CON RFC GME540707CD1, CONCEPTO: TRASPASO METROPOLITANO SANTANDER 120713
0004686365|15/07/2013|0000000000|BNET01001307150000124911|003|5663|$65,072.97|$0.00|$457,302.20|295491|SPEI RECIBIDO DEL BANCO 0012, DEL CLIENTE GAS METROPOLITANO SA DE CV, DE LA CLABE 012180001543555987   CON RFC GME540707 CD1, CONCEPTO: TRASPASO BANCOMER A BANORTE CONCENTRADOR
0004686365|15/07/2013|0000000000|BNET01001307150000126447|003|5663|$134,752.74|$0.00|$592,054.94|295492|SPEI RECIBIDO DEL BANCO 0012, DEL CLIENTE GAS METROPOLITANO SA DE CV, DE LA CLABE 012180001543555987   CON RFC GME540707 CD1, CONCEPTO: TRASPASO BANCOMER A BANORTE CONCENTRADOR
0004686365|15/07/2013|0000000000|BNET01001307150000127550|003|5663|$705,000.00|$0.00|$1,297,054.94|295493|SPEI RECIBIDO DEL BANCO 0012, DEL CLIENTE GAS METROPOLITANO SA DE CV, DE LA CLABE 012180001100072777   CON RFC GME540707 CD1, CONCEPTO: TRASPASO BANCOMER A BANORTE CONCENTRADOR
0004686365|15/07/2013|0000000000|085901958280319636|003|5663|$83,202.14|$0.00|$1,380,257.08|295494|SPEI RECIBIDO DEL BANCO 0002, DEL CLIENTE GAS METROPOLITANO SA DE CV, DE LA CLABE 002180020842869349   CON RFC  GME540707CD1, CONCEPTO: DEP ELECT DEL DIA TRASP BTE CONCENTRADOR
0004686365|15/07/2013|0000000000|HSBC049273|003|5663|$218,740.52|$0.00|$1,598,997.60|295495|SPEI RECIBIDO DEL BANCO 0021, DEL CLIENTE GAS METROPOLITANO  S A  DE C V, DE LA CLABE 021180040293499743   CON RFC 0GME540707CD1, CONCEPTO: TRASPASO DEPOSITO DEL DIA HSBC CTA 9974
0004686365|15/07/2013|0000150713|DEPOSITO DE CUENTA PROPIA|262|8846|$490,000.00|$0.00|$2,088,997.60|295496|DE LA CUENTA 0662334059, TRASPASO EST CARB A CONCENTRAD
0004686365|15/07/2013|0000150713|DEPOSITO DE CUENTA PROPIA|262|8846|$35,000.00|$0.00|$2,123,997.60|295497|DE LA CUENTA 0526140549, TRASPASO REF A CONCENTRADORA
0004686365|15/07/2013|0000000000|TRASPASO A CUENTA PROPIA|790|8846|$0.00|$1,822,980.47|$301,017.13|295498|IVA:00000000.00    , A LA CUENTA 0580295526, Traspaso Recolectora Metropoli AL R.F.C. GME540707CD1
0004686365|16/07/2013|0000000000|VENC. CAP. MDD|092|8100|$4,000,000.00|$0.00|$4,301,017.13|295499|CONTRATO 0098937331 FOLIO 28883531 16/07
0004686365|16/07/2013|0000000000|INTERES MDD|093|8100|$2,722.22|$0.00|$4,303,739.35|295500|CONTRATO 0098937331 FOLIO 28883531 16/07
0004686365|16/07/2013|0000000000|Impuesto Sobre la Renta|592|8100|$0.00|$460.27|$4,303,279.08|295501|CONTRATO 0098937331 FOLIO 28883531 16/07
0004686365|16/07/2013|0000000000|DEV.CHEQUE LOCAL 0000002069|506|8068|$0.00|$2,010.00|$4,301,269.08|295502|FONDOS INSUFICIENTES
0004686365|16/07/2013|0000000000|DEP. REMOTO CH. SBC 0001375|006|4543|$1,922.57|$0.00|$4,303,191.65|295503|CHEQUE RECIBIDO SBC POR SERVICIO DE DEPOSITOS REMOTOS, BCO. 032 CTA. 00016833244 NO.CHEQUE 0001375, REFERENCIA:
0004686365|16/07/2013|0000000000|DEP. REMOTO CH. SBC 0000163|006|4543|$3,469.86|$0.00|$4,306,661.51|295504|CHEQUE RECIBIDO SBC POR SERVICIO DE DEPOSITOS REMOTOS, BCO. 143 CTA. 00000394696 NO.CHEQUE 0000163, REFERENCIA:
0004686365|16/07/2013|0000000000|DEP. REMOTO CH. SBC 0001394|006|4543|$2,525.86|$0.00|$4,309,187.37|295505|CHEQUE RECIBIDO SBC POR SERVICIO DE DEPOSITOS REMOTOS, BCO. 032 CTA. 00016833244 NO.CHEQUE 0001394, REFERENCIA:
0004686365|16/07/2013|0000000000|DEP. REMOTO CH. SBC 0001077|006|4543|$2,719.66|$0.00|$4,311,907.03|295506|CHEQUE RECIBIDO SBC POR SERVICIO DE DEPOSITOS REMOTOS, BCO. 032 CTA. 00017314402 NO.CHEQUE 0001077, REFERENCIA:
0004686365|16/07/2013|0000000000|DEP. REMOTO CH. SBC 0004205|006|4543|$4,173.16|$0.00|$4,316,080.19|295507|CHEQUE RECIBIDO SBC POR SERVICIO DE DEPOSITOS REMOTOS, BCO. 032 CTA. 00014888963 NO.CHEQUE 0004205, REFERENCIA:
0004686365|16/07/2013|0000000000|DEP. REMOTO CH. SBC 0000657|006|4543|$4,568.76|$0.00|$4,320,648.95|295508|CHEQUE RECIBIDO SBC POR SERVICIO DE DEPOSITOS REMOTOS, BCO. 032 CTA. 00017123593 NO.CHEQUE 0000657, REFERENCIA:
0004686365|16/07/2013|0000000000|DEP. REMOTO CH. SBC 0003898|006|4543|$4,657.66|$0.00|$4,325,306.61|295509|CHEQUE RECIBIDO SBC POR SERVICIO DE DEPOSITOS REMOTOS, BCO. 032 CTA. 00015628744 NO.CHEQUE 0003898, REFERENCIA:
0004686365|16/07/2013|0000000000|DEP. REMOTO CH. SBC 0004167|006|4543|$3,825.85|$0.00|$4,329,132.46|295510|CHEQUE RECIBIDO SBC POR SERVICIO DE DEPOSITOS REMOTOS, BCO. 032 CTA. 00014888963 NO.CHEQUE 0004167, REFERENCIA:
0004686365|16/07/2013|0000000000|DEP. REMOTO CH. SBC 0000314|006|4543|$3,656.34|$0.00|$4,332,788.80|295511|CHEQUE RECIBIDO SBC POR SERVICIO DE DEPOSITOS REMOTOS, BCO. 044 CTA. 00101571520 NO.CHEQUE 0000314, REFERENCIA:
0004686365|16/07/2013|0000000000|DEP. REMOTO CH. SBC 0000040|006|4543|$925.74|$0.00|$4,333,714.54|295512|CHEQUE RECIBIDO SBC POR SERVICIO DE DEPOSITOS REMOTOS, BCO. 032 CTA. 00017179556 NO.CHEQUE 0000040, REFERENCIA:
0004686365|16/07/2013|0000000000|DEP. REMOTO CH. SBC 0001048|006|4543|$2,301.94|$0.00|$4,336,016.48|295513|CHEQUE RECIBIDO SBC POR SERVICIO DE DEPOSITOS REMOTOS, BCO. 032 CTA. 00017314402 NO.CHEQUE 0001048, REFERENCIA:
0004686365|16/07/2013|0000000000|DEP. REMOTO CH. SBC 0002713|006|4543|$879.12|$0.00|$4,336,895.60|295514|CHEQUE RECIBIDO SBC POR SERVICIO DE DEPOSITOS REMOTOS, BCO. 044 CTA. 00107546351 NO.CHEQUE 0002713, REFERENCIA:
0004686365|16/07/2013|0000000000|DEP. REMOTO CH. SBC 0000382|006|4543|$700.00|$0.00|$4,337,595.60|295515|CHEQUE RECIBIDO SBC POR SERVICIO DE DEPOSITOS REMOTOS, BCO. 044 CTA. 00101971824 NO.CHEQUE 0000382, REFERENCIA:
0004686365|16/07/2013|0000000000|DEP. REMOTO CH. SBC 0000293|006|4543|$700.00|$0.00|$4,338,295.60|295516|CHEQUE RECIBIDO SBC POR SERVICIO DE DEPOSITOS REMOTOS, BCO. 036 CTA. 50000673582 NO.CHEQUE 0000293, REFERENCIA:
0004686365|16/07/2013|0000000000|DEP. REMOTO CH. SBC 8953463|006|4543|$274.00|$0.00|$4,338,569.60|295517|CHEQUE RECIBIDO SBC POR SERVICIO DE DEPOSITOS REMOTOS, BCO. 032 CTA. 00011244356 NO.CHEQUE 8953463, REFERENCIA:
0004686365|16/07/2013|0000000000|DEP. REMOTO CH. SBC 9653843|006|4543|$1,300.00|$0.00|$4,339,869.60|295518|CHEQUE RECIBIDO SBC POR SERVICIO DE DEPOSITOS REMOTOS, BCO. 032 CTA. 00010201033 NO.CHEQUE 9653843, REFERENCIA:
0004686365|16/07/2013|0000000000|DEP. REMOTO CH. SBC 0824890|006|4543|$1,498.50|$0.00|$4,341,368.10|295519|CHEQUE RECIBIDO SBC POR SERVICIO DE DEPOSITOS REMOTOS, BCO. 032 CTA. 00016397673 NO.CHEQUE 0824890, REFERENCIA:
0004686365|16/07/2013|0000000000|DEP. REMOTO CH. SBC 0000260|006|4543|$366.30|$0.00|$4,341,734.40|295520|CHEQUE RECIBIDO SBC POR SERVICIO DE DEPOSITOS REMOTOS, BCO. 036 CTA. 40124287296 NO.CHEQUE 0000260, REFERENCIA:
0004686365|16/07/2013|0000000000|DEP. REMOTO CH. SBC 0000219|006|4543|$1,000.00|$0.00|$4,342,734.40|295521|CHEQUE RECIBIDO SBC POR SERVICIO DE DEPOSITOS REMOTOS, BCO. 036 CTA. 50012740293 NO.CHEQUE 0000219, REFERENCIA:
0004686365|16/07/2013|0000000000|DEP. REMOTO CH. SBC 0000459|006|4543|$1,132.20|$0.00|$4,343,866.60|295522|CHEQUE RECIBIDO SBC POR SERVICIO DE DEPOSITOS REMOTOS, BCO. 036 CTA. 40123712074 NO.CHEQUE 0000459, REFERENCIA:
0004686365|16/07/2013|0000000000|DEP. REMOTO CH. SBC 0000125|006|4543|$1,198.80|$0.00|$4,345,065.40|295523|CHEQUE RECIBIDO SBC POR SERVICIO DE DEPOSITOS REMOTOS, BCO. 036 CTA. 40130419293 NO.CHEQUE 0000125, REFERENCIA:
0004686365|16/07/2013|0000000000|DEP. REMOTO CH. SBC 0000357|006|4543|$2,417.00|$0.00|$4,347,482.40|295524|CHEQUE RECIBIDO SBC POR SERVICIO DE DEPOSITOS REMOTOS, BCO. 036 CTA. 50011463948 NO.CHEQUE 0000357, REFERENCIA:
0004686365|16/07/2013|0000000000|DEP. REMOTO CH. SBC 0001520|006|4543|$3,447.60|$0.00|$4,350,930.00|295525|CHEQUE RECIBIDO SBC POR SERVICIO DE DEPOSITOS REMOTOS, BCO. 036 CTA. 50006969335 NO.CHEQUE 0001520, REFERENCIA:
0004686365|16/07/2013|0000000000|DEP. REMOTO CH. SBC 0001519|006|4543|$3,447.60|$0.00|$4,354,377.60|295526|CHEQUE RECIBIDO SBC POR SERVICIO DE DEPOSITOS REMOTOS, BCO. 036 CTA. 50006969335 NO.CHEQUE 0001519, REFERENCIA:
0004686365|16/07/2013|0000000000|DEP. REMOTO CH. SBC 0001895|006|4543|$8,638.00|$0.00|$4,363,015.60|295527|CHEQUE RECIBIDO SBC POR SERVICIO DE DEPOSITOS REMOTOS, BCO. 036 CTA. 12942820010 NO.CHEQUE 0001895, REFERENCIA:
0004686365|16/07/2013|0000000000|DEP. REMOTO CH. SBC 0000197|006|4543|$499.50|$0.00|$4,363,515.10|295528|CHEQUE RECIBIDO SBC POR SERVICIO DE DEPOSITOS REMOTOS, BCO. 044 CTA. 00101513977 NO.CHEQUE 0000197, REFERENCIA:
0004686365|16/07/2013|0000000000|DEP. REMOTO CH. SBC 0000753|006|4543|$999.00|$0.00|$4,364,514.10|295529|CHEQUE RECIBIDO SBC POR SERVICIO DE DEPOSITOS REMOTOS, BCO. 044 CTA. 00104842057 NO.CHEQUE 0000753, REFERENCIA:
0004686365|16/07/2013|0000000000|DEP. REMOTO CH. SBC 0002884|006|4543|$1,000.00|$0.00|$4,365,514.10|295530|CHEQUE RECIBIDO SBC POR SERVICIO DE DEPOSITOS REMOTOS, BCO. 044 CTA. 00104776623 NO.CHEQUE 0002884, REFERENCIA:
0004686365|16/07/2013|0000000000|DEP. REMOTO CH. SBC 0000440|006|4543|$1,445.00|$0.00|$4,366,959.10|295531|CHEQUE RECIBIDO SBC POR SERVICIO DE DEPOSITOS REMOTOS, BCO. 044 CTA. 00104576012 NO.CHEQUE 0000440, REFERENCIA:
0004686365|16/07/2013|0000000000|DEP. REMOTO CH. SBC 0000140|006|4543|$1,479.00|$0.00|$4,368,438.10|295532|CHEQUE RECIBIDO SBC POR SERVICIO DE DEPOSITOS REMOTOS, BCO. 044 CTA. 00102190974 NO.CHEQUE 0000140, REFERENCIA:
0004686365|16/07/2013|0000000000|DEP. REMOTO CH. SBC 0001056|006|4543|$3,978.00|$0.00|$4,372,416.10|295533|CHEQUE RECIBIDO SBC POR SERVICIO DE DEPOSITOS REMOTOS, BCO. 044 CTA. 00104895169 NO.CHEQUE 0001056, REFERENCIA:
0004686365|16/07/2013|0000000000|DEPOSITO REMOTO CHQS.BANORTE|080|4543|$9,339.41|$0.00|$4,381,755.51|295534|TOTAL DE          3 CHEQUES BANORTE RECIBIDOS, POR SERVICIO DE DEPOSITOS REMOTOS., REFERENCIA: 000000316032013
0004686365|16/07/2013|0000000000|DEPOSITO REMOTO CHQS.BANORTE|080|4543|$18,469.62|$0.00|$4,400,225.13|295535|TOTAL DE          4 CHEQUES BANORTE RECIBIDOS, POR SERVICIO DE DEPOSITOS REMOTOS., REFERENCIA: 000000215072013
0004686365|16/07/2013|0000000000|CHQ.LOC.000136|006|0004|$2,537.46|$0.00|$4,402,762.59|295536|BCO :0036 CTA. 0050016598607 NO.CHEQUE 0000000136
0004686365|16/07/2013|0000000000|085900881540319735|003|5663|$43,521.54|$0.00|$4,446,284.13|295537|SPEI RECIBIDO DEL BANCO 0002, DEL CLIENTE GAS METROPOLITANO SA DE CV, DE LA CLABE 002180020842869349   CON RFC  GME540707CD1, CONCEPTO: DEP ELECT DEL DIA TRASP BTE CONCENTRADOR
0004686365|16/07/2013|0000000000|INVERSION MDD|591|8100|$0.00|$4,000,000.00|$446,284.13|295538|CTO 0098937331 16/07
0004686365|16/07/2013|0000000000|DEPOSITO DE CUENTA PROPIA|262|8846|$525,000.00|$0.00|$971,284.13|295539|DE LA CUENTA 0515492550, Traspaso Tpv a Concentr
0004686365|16/07/2013|0000000000|DEPOSITO DE CUENTA PROPIA|262|8846|$45,000.00|$0.00|$1,016,284.13|295540|DE LA CUENTA 0526140549, Traspaso Ref a Concentr
0004686365|16/07/2013|0000000000|DEPOSITO DE CUENTA PROPIA|262|8846|$170,000.00|$0.00|$1,186,284.13|295541|DE LA CUENTA 0662334059, Traspaso Est Carb a Conc
0004686365|16/07/2013|0000000000|TRASPASO A CUENTA PROPIA|790|8846|$0.00|$200,000.00|$986,284.13|295542|IVA:00000000.00    , A LA CUENTA 0559478361, Traspaso Presupuesto Prov AL R.F.C. GME540707CD1
0004686365|16/07/2013|0000000000|DEPOSITO EN EFECTIVO|000|0357|$20,052.50|$0.00|$1,006,336.63|295543|MEXICO
0004686365|16/07/2013|0000000000|DEPOSITO EN EFECTIVO|000|0357|$20,216.30|$0.00|$1,026,552.93|295544|MEXICO
0004686365|16/07/2013|0000000000|BNET01001307160000076891|003|5663|$118,262.33|$0.00|$1,144,815.26|295545|SPEI RECIBIDO DEL BANCO 0012, DEL CLIENTE GAS METROPOLITANO SA DE CV, DE LA CLABE 012180001543555987   CON RFC GME540707 CD1, CONCEPTO: TRASPASO BANCOMER A BANORTE CONCENTRADOR
0004686365|16/07/2013|0000000000|BNET01001307160000078503|003|5663|$165,000.00|$0.00|$1,309,815.26|295546|SPEI RECIBIDO DEL BANCO 0012, DEL CLIENTE GAS METROPOLITANO SA DE CV, DE LA CLABE 012180001100072777   CON RFC GME540707 CD1, CONCEPTO: TRASPASO BANCOMER A BANORTE CONCENTRADOR
0004686365|16/07/2013|0016072013|DEPOSITO DE CUENTA DE TERCEROS|263|8846|$2,240,419.77|$0.00|$3,550,235.03|295547|DE LA CUENTA 0641016659, PAGO FACTURAS VARIAS
0004686365|16/07/2013|0000000000|3573876543|003|5663|$460,000.00|$0.00|$4,010,235.03|295548|SPEI RECIBIDO DEL BANCO 0044, DEL CLIENTE GAS METROPOLITANO SA DE CV, DE LA CLABE 044180001005708509   CON RFC RFC NO DISPONIBLE, CONCEPTO: TRASPASO CONCENTRADORA BANORTE
0004686365|16/07/2013|0000000000|TR004 9822449|003|5663|$122,000.00|$0.00|$4,132,235.03|295549|SPEI RECIBIDO DEL BANCO 0014, DEL CLIENTE GAS METROPOLITANO SA DE CV, DE LA CLABE 014180655019944968   CON RFC GME540707CD1, CONCEPTO: TRASPASO METROPOLITANO SANTANDER REFEREN
0004686365|16/07/2013|0000000000|TR004 9822438|003|5663|$37,426.30|$0.00|$4,169,661.33|295550|SPEI RECIBIDO DEL BANCO 0014, DEL CLIENTE GAS METROPOLITANO SA DE CV, DE LA CLABE 014180655015916550   CON RFC GME540707CD1, CONCEPTO: TRASPASO METROPOLITANO SANTANDER 150713
0004686365|16/07/2013|0000000000|DEP. REMOTO CH. SBC 6776221|006|4543|$26,127.82|$0.00|$4,195,789.15|295551|CHEQUE RECIBIDO SBC POR SERVICIO DE DEPOSITOS REMOTOS, BCO. 021 CTA. 04029349974 NO.CHEQUE 6776221, REFERENCIA:
0004686365|16/07/2013|0000000000|TRASPASO A CUENTA PROPIA|790|8846|$0.00|$1,506,393.88|$2,689,395.27|295552|IVA:00000000.00    , A LA CUENTA 0580295526, Traspaso Recolectora Metropoli AL R.F.C. GME540707CD1
0004686365|16/07/2013|0000160713|TRASPASO A CUENTA PROPIA|790|8846|$0.00|$750,000.00|$1,939,395.27|295553|IVA:00000000.00    , A LA CUENTA 0559478361, TRASPASO PRESUPUESTO PROVEEDOR AL R.F.C. GME540707CD1
0004686365|17/07/2013|0000000000|3573177331|003|5663|$100,000.00|$0.00|$2,039,395.27|295554|SPEI RECIBIDO DEL BANCO 0044, DEL CLIENTE GAS METROPOLITANO SA DE CV, DE LA CLABE 044180001005708509   CON RFC RFC NO DISPONIBLE, CONCEPTO: TRASPASO CONCENTRADORA BANORTE
0004686365|17/07/2013|0000000000|HSBC008832|003|5663|$223,000.00|$0.00|$2,262,395.27|295555|SPEI RECIBIDO DEL BANCO 0021, DEL CLIENTE GAS METROPOLITANO  S A  DE C V, DE LA CLABE 021180040270312102   CON RFC 0GME540707CD1, CONCEPTO: TRASPASO DE REFERENCIADA HSBC A CONCENTR
0004686365|17/07/2013|0000000000|BNET01001307170000031397|003|5663|$58,094.08|$0.00|$2,320,489.35|295556|SPEI RECIBIDO DEL BANCO 0012, DEL CLIENTE GAS METROPOLITANO SA DE CV, DE LA CLABE 012180001543555987   CON RFC GME540707 CD1, CONCEPTO: TRASPASO BANCOMER A BANORTE CONCENTRADOR
0004686365|17/07/2013|0000000000|DEP. REMOTO CH. SBC 0000253|006|4543|$4,389.06|$0.00|$2,324,878.41|295557|CHEQUE RECIBIDO SBC POR SERVICIO DE DEPOSITOS REMOTOS, BCO. 036 CTA. 11548910015 NO.CHEQUE 0000253, REFERENCIA:
0004686365|17/07/2013|0000000000|DEP. REMOTO CH. SBC 0004016|006|4543|$1,405.56|$0.00|$2,326,283.97|295558|CHEQUE RECIBIDO SBC POR SERVICIO DE DEPOSITOS REMOTOS, BCO. 044 CTA. 00107758960 NO.CHEQUE 0004016, REFERENCIA:
0004686365|17/07/2013|0000000000|DEP. REMOTO CH. SBC 0004199|006|4543|$11,165.04|$0.00|$2,337,449.01|295559|CHEQUE RECIBIDO SBC POR SERVICIO DE DEPOSITOS REMOTOS, BCO. 044 CTA. 00101718142 NO.CHEQUE 0004199, REFERENCIA:
0004686365|17/07/2013|0000000000|DEP. REMOTO CH. SBC 8616102|006|4543|$3,036.54|$0.00|$2,340,485.55|295560|CHEQUE RECIBIDO SBC POR SERVICIO DE DEPOSITOS REMOTOS, BCO. 032 CTA. 00012183997 NO.CHEQUE 8616102, REFERENCIA:
0004686365|17/07/2013|0000000000|DEP. REMOTO CH. SBC 9892566|006|4543|$1,664.13|$0.00|$2,342,149.68|295561|CHEQUE RECIBIDO SBC POR SERVICIO DE DEPOSITOS REMOTOS, BCO. 032 CTA. 00011936185 NO.CHEQUE 9892566, REFERENCIA:
0004686365|17/07/2013|0000000000|DEP. REMOTO CH. SBC 0000791|006|4543|$1,811.52|$0.00|$2,343,961.20|295562|CHEQUE RECIBIDO SBC POR SERVICIO DE DEPOSITOS REMOTOS, BCO. 044 CTA. 00106001416 NO.CHEQUE 0000791, REFERENCIA:
0004686365|17/07/2013|0000000000|DEP. REMOTO CH. SBC 0000212|006|4543|$5,974.02|$0.00|$2,349,935.22|295563|CHEQUE RECIBIDO SBC POR SERVICIO DE DEPOSITOS REMOTOS, BCO. 044 CTA. 00102027902 NO.CHEQUE 0000212, REFERENCIA:
0004686365|17/07/2013|0000000000|DEP. REMOTO CH. SBC 4140388|006|4543|$712.62|$0.00|$2,350,647.84|295564|CHEQUE RECIBIDO SBC POR SERVICIO DE DEPOSITOS REMOTOS, BCO. 032 CTA. 00012038768 NO.CHEQUE 4140388, REFERENCIA:
0004686365|17/07/2013|0000000000|DEP. REMOTO CH. SBC 0359003|006|4543|$145.00|$0.00|$2,350,792.84|295565|CHEQUE RECIBIDO SBC POR SERVICIO DE DEPOSITOS REMOTOS, BCO. 032 CTA. 00014038102 NO.CHEQUE 0359003, REFERENCIA:
0004686365|17/07/2013|0000000000|DEP. REMOTO CH. SBC 0000176|006|4543|$499.50|$0.00|$2,351,292.34|295566|CHEQUE RECIBIDO SBC POR SERVICIO DE DEPOSITOS REMOTOS, BCO. 044 CTA. 00104680693 NO.CHEQUE 0000176, REFERENCIA:
0004686365|17/07/2013|0000000000|DEP. REMOTO CH. SBC 0742067|006|4543|$646.00|$0.00|$2,351,938.34|295567|CHEQUE RECIBIDO SBC POR SERVICIO DE DEPOSITOS REMOTOS, BCO. 032 CTA. 00015098729 NO.CHEQUE 0742067, REFERENCIA:
0004686365|17/07/2013|0000000000|DEP. REMOTO CH. SBC 0000642|006|4543|$1,238.00|$0.00|$2,353,176.34|295568|CHEQUE RECIBIDO SBC POR SERVICIO DE DEPOSITOS REMOTOS, BCO. 019 CTA. 00166000426 NO.CHEQUE 0000642, REFERENCIA:
0004686365|17/07/2013|0000000000|DEP. REMOTO CH. SBC 8990964|006|4543|$1,000.00|$0.00|$2,354,176.34|295569|CHEQUE RECIBIDO SBC POR SERVICIO DE DEPOSITOS REMOTOS, BCO. 032 CTA. 00010348964 NO.CHEQUE 8990964, REFERENCIA:
0004686365|17/07/2013|0000000000|DEP. REMOTO CH. SBC 0506886|006|4543|$2,598.00|$0.00|$2,356,774.34|295570|CHEQUE RECIBIDO SBC POR SERVICIO DE DEPOSITOS REMOTOS, BCO. 032 CTA. 00014459108 NO.CHEQUE 0506886, REFERENCIA:
0004686365|17/07/2013|0000000000|DEP. REMOTO CH. SBC 9486713|006|4543|$9,024.30|$0.00|$2,365,798.64|295571|CHEQUE RECIBIDO SBC POR SERVICIO DE DEPOSITOS REMOTOS, BCO. 032 CTA. 00011415398 NO.CHEQUE 9486713, REFERENCIA:
0004686365|17/07/2013|0000000000|DEP. REMOTO CH. SBC 0003025|006|4543|$999.00|$0.00|$2,366,797.64|295572|CHEQUE RECIBIDO SBC POR SERVICIO DE DEPOSITOS REMOTOS, BCO. 044 CTA. 00100481882 NO.CHEQUE 0003025, REFERENCIA:
0004686365|17/07/2013|0000000000|DEP. REMOTO CH. SBC 0000313|006|4543|$1,000.00|$0.00|$2,367,797.64|295573|CHEQUE RECIBIDO SBC POR SERVICIO DE DEPOSITOS REMOTOS, BCO. 044 CTA. 00102568020 NO.CHEQUE 0000313, REFERENCIA:
0004686365|17/07/2013|0000000000|DEP. REMOTO CH. SBC 0000860|006|4543|$1,412.00|$0.00|$2,369,209.64|295574|CHEQUE RECIBIDO SBC POR SERVICIO DE DEPOSITOS REMOTOS, BCO. 044 CTA. 00104005252 NO.CHEQUE 0000860, REFERENCIA:
0004686365|17/07/2013|0000000000|DEP. REMOTO CH. SBC 0000035|006|4543|$1,500.00|$0.00|$2,370,709.64|295575|CHEQUE RECIBIDO SBC POR SERVICIO DE DEPOSITOS REMOTOS, BCO. 044 CTA. 00103123601 NO.CHEQUE 0000035, REFERENCIA:
0004686365|17/07/2013|0000000000|DEP. REMOTO CH. SBC 0708463|006|4543|$6,959.70|$0.00|$2,377,669.34|295576|CHEQUE RECIBIDO SBC POR SERVICIO DE DEPOSITOS REMOTOS, BCO. 032 CTA. 00014989190 NO.CHEQUE 0708463, REFERENCIA:
0004686365|17/07/2013|0000000000|DEPOSITO REMOTO CHQS.BANORTE|080|4543|$600.00|$0.00|$2,378,269.34|295577|TOTAL DE          1 CHEQUES BANORTE RECIBIDOS, POR SERVICIO DE DEPOSITOS REMOTOS., REFERENCIA: 000000007160713
0004686365|17/07/2013|0000000000|DEPOSITO REMOTO CHQS.BANORTE|080|4543|$1,000.00|$0.00|$2,379,269.34|295578|TOTAL DE          1 CHEQUES BANORTE RECIBIDOS, POR SERVICIO DE DEPOSITOS REMOTOS., REFERENCIA: 000000003160713
0004686365|17/07/2013|0000000000|DEPOSITO REMOTO CHQS.BANORTE|080|4543|$1,512.00|$0.00|$2,380,781.34|295579|TOTAL DE          1 CHEQUES BANORTE RECIBIDOS, POR SERVICIO DE DEPOSITOS REMOTOS., REFERENCIA: 000000002160713
0004686365|17/07/2013|0000000000|DEPOSITO REMOTO CHQS.BANORTE|080|4543|$2,265.00|$0.00|$2,383,046.34|295580|TOTAL DE          2 CHEQUES BANORTE RECIBIDOS, POR SERVICIO DE DEPOSITOS REMOTOS., REFERENCIA: 000000003160713
0004686365|17/07/2013|0000000000|DEPOSITO REMOTO CHQS.BANORTE|080|4543|$19,519.84|$0.00|$2,402,566.18|295581|TOTAL DE          3 CHEQUES BANORTE RECIBIDOS, POR SERVICIO DE DEPOSITOS REMOTOS., REFERENCIA: 000000001160713
0004686365|17/07/2013|0000000000|DEV.CHEQUE LOCAL 0000000219|506|8068|$0.00|$1,000.00|$2,401,566.18|295582|FONDOS INSUFICIENTES
0004686365|17/07/2013|0000000000|TR004 9022268|003|5663|$10,622.68|$0.00|$2,412,188.86|295583|SPEI RECIBIDO DEL BANCO 0014, DEL CLIENTE GAS METROPOLITANO SA DE CV, DE LA CLABE 014180655015916550   CON RFC GME540707CD1, CONCEPTO: TRASPASO METROPOLITANO SANTANDER 160713
0004686365|17/07/2013|0000000000|TR004 9022272|003|5663|$240,994.99|$0.00|$2,653,183.85|295584|SPEI RECIBIDO DEL BANCO 0014, DEL CLIENTE GAS METROPOLITANO SA DE CV, DE LA CLABE 014180655015916550   CON RFC GME540707CD1, CONCEPTO: TRASPASO METROPOLITANO SANTANDER CLIENTE
0004686365|17/07/2013|0000000000|TR004 9022271|003|5663|$51,482.98|$0.00|$2,704,666.83|295585|SPEI RECIBIDO DEL BANCO 0014, DEL CLIENTE GAS METROPOLITANO SA DE CV, DE LA CLABE 014180655015916550   CON RFC GME540707CD1, CONCEPTO: TRASPASO METROPOLITANO SANTANDER MINE
0004686365|17/07/2013|0000000000|DEPOSITO CHQ.BANORTE 0000039|080|0004|$500.00|$0.00|$2,705,166.83|295586|DEPOSITO DE LA CUENTA : 0840703912
0004686365|17/07/2013|0000000000|CHQ.LOC.043796|006|0004|$154,097.78|$0.00|$2,859,264.61|295587|BCO :0044 CTA. 0000104965302 NO.CHEQUE 0000043796
0004686365|17/07/2013|0000000000|HSBC012247|003|5663|$890,000.00|$0.00|$3,749,264.61|295588|SPEI RECIBIDO DEL BANCO 0021, DEL CLIENTE GAS METROPOLITANO  S A  DE C V, DE LA CLABE 021180040195032347   CON RFC 0GME540707CD1, CONCEPTO: TRASPASO DE CTA 3234 HSBC A CONCENTRADOR
0004686365|17/07/2013|0000000000|BNET01001307170000043137|003|5663|$192,367.08|$0.00|$3,941,631.69|295589|SPEI RECIBIDO DEL BANCO 0012, DEL CLIENTE GAS METROPOLITANO SA DE CV, DE LA CLABE 012180001543555987   CON RFC GME540707 CD1, CONCEPTO: TRASPASO BBVA A BNTE CONCENTRADORA MINE
0004686365|17/07/2013|0000000000|BNET01001307170000044061|003|5663|$61,329.97|$0.00|$4,002,961.66|295590|SPEI RECIBIDO DEL BANCO 0012, DEL CLIENTE GAS METROPOLITANO SA DE CV, DE LA CLABE 012180001543555987   CON RFC GME540707 CD1, CONCEPTO: TRASPASO A BNTE CONCENTRADORA CLIENTES
0004686365|17/07/2013|0000000000|HSBC013526|003|5663|$66,315.66|$0.00|$4,069,277.32|295591|SPEI RECIBIDO DEL BANCO 0021, DEL CLIENTE GAS METROPOLITANO  S A  DE C V, DE LA CLABE 021180040293499743   CON RFC 0GME540707CD1, CONCEPTO: TRASPASO DEPOSITO DIA CTA 9974 HSBC A CO
0004686365|17/07/2013|0000000000|085900861960319834|003|5663|$251,748.76|$0.00|$4,321,026.08|295592|SPEI RECIBIDO DEL BANCO 0002, DEL CLIENTE GAS METROPOLITANO SA DE CV, DE LA CLABE 002180020842869349   CON RFC  GME540707CD1, CONCEPTO: TRASP DEP CAJA 4 Y MINE HIDRO
0004686365|17/07/2013|0000000000|DEPOSITO DE CUENTA PROPIA|262|8846|$410,000.00|$0.00|$4,731,026.08|295593|DE LA CUENTA 0515492550, Traspaso Tpv a Concentr
0004686365|17/07/2013|0000000000|DEPOSITO DE CUENTA PROPIA|262|8846|$35,000.00|$0.00|$4,766,026.08|295594|DE LA CUENTA 0526140549, Traspaso Ref a Concentr
0004686365|17/07/2013|0000000000|DEPOSITO DE CUENTA PROPIA|262|8846|$200,000.00|$0.00|$4,966,026.08|295595|DE LA CUENTA 0662334059, Traspaso Est Carb a Conc
0004686365|17/07/2013|0000000000|TRASPASO A CUENTA PROPIA|790|8846|$0.00|$2,535,000.00|$2,431,026.08|295596|IVA:00000000.00    , A LA CUENTA 0559478361, Traspaso Presupuesto Impt AL R.F.C. GME540707CD1
0004686365|17/07/2013|0000000000|085900889270319837|003|5663|$132,961.16|$0.00|$2,563,987.24|295597|SPEI RECIBIDO DEL BANCO 0002, DEL CLIENTE GAS METROPOLITANO SA DE CV, DE LA CLABE 002180020842869349   CON RFC  GME540707CD1, CONCEPTO: DEP ELECT DEL DIA TRASP BTE CONCENTRADOR
0004686365|17/07/2013|0000000000|085900953990319833|003|5663|$325,000.00|$0.00|$2,888,987.24|295598|SPEI RECIBIDO DEL BANCO 0002, DEL CLIENTE GAS METROPOLITANO SA DE CV, DE LA CLABE 002180020841778923   CON RFC  GME540707CD1, CONCEPTO: TRASP DE 7892 A 10861 BANAMEX
0004686365|17/07/2013|0000000000|085900971730319835|003|5663|$1,050,000.00|$0.00|$3,938,987.24|295599|SPEI RECIBIDO DEL BANCO 0002, DEL CLIENTE GAS METROPOLITANO SA DE CV, DE LA CLABE 002180020800108615   CON RFC  GME540707CD1, CONCEPTO: TRASPASO CONCENTRADORA BANORTE
0004686365|17/07/2013|0000000000|BNET01001307170000055984|003|5663|$160,000.00|$0.00|$4,098,987.24|295600|SPEI RECIBIDO DEL BANCO 0012, DEL CLIENTE GAS METROPOLITANO SA DE CV, DE LA CLABE 012180001100072777   CON RFC GME540707 CD1, CONCEPTO: TRASPASO BBVA A BNTE CONCENTRADORA
0004686365|17/07/2013|0000170713|TRASPASO A CUENTA PROPIA|790|8846|$0.00|$3,820,000.00|$278,987.24|295601|IVA:00000000.00    , A LA CUENTA 0559478361, TRASPASO PRESUPUESTO IMSS AL R.F.C. GME540707CD1
0004686365|17/07/2013|0000000000|13198001022732|003|5663|$55,000.00|$0.00|$333,987.24|295602|SPEI RECIBIDO DEL BANCO 0132, DEL CLIENTE GAS METROPOLITANO, DE LA CLABE 132180000001805377   CON RFC GME540707CD1, CONCEPTO: TRASPASO A BANORTE CONCENTRADORA MULTIVA
0004686365|17/07/2013|0000000000|HSBC019797|003|5663|$81,000.00|$0.00|$414,987.24|295603|SPEI RECIBIDO DEL BANCO 0021, DEL CLIENTE GAS METROPOLITANO  S A  DE C V, DE LA CLABE 021180040195032347   CON RFC 0GME540707CD1, CONCEPTO: TRASPASO DE CTA 3234 HSBC A CONCENTRADOR
0004686365|17/07/2013|0000000000|DEPOSITO EN EFECTIVO|000|0357|$7,621.40|$0.00|$422,608.64|295604|MEXICO
0004686365|17/07/2013|0000000000|DEPOSITO EN EFECTIVO|000|0357|$21,033.30|$0.00|$443,641.94|295605|MEXICO
0004686365|17/07/2013|0000000000|DEPOSITO EN EFECTIVO|000|0357|$45,819.30|$0.00|$489,461.24|295606|MEXICO
0004686365|17/07/2013|0000000000|DEPOSITO EN EFECTIVO|000|0357|$10,244.70|$0.00|$499,705.94|295607|MEXICO
0004686365|17/07/2013|0000000000|DEPOSITO EN EFECTIVO|000|0357|$9,169.30|$0.00|$508,875.24|295608|MEXICO
0004686365|17/07/2013|0000000000|085901980450319837|003|5663|$280,000.00|$0.00|$788,875.24|295609|SPEI RECIBIDO DEL BANCO 0002, DEL CLIENTE GAS METROPOLITANO SA DE CV, DE LA CLABE 002180020800108615   CON RFC  GME540707CD1, CONCEPTO: TRASPASO CONCENTRADORA BANORTE
0004686365|17/07/2013|0000000000|TRASPASO A CUENTA PROPIA|790|8846|$0.00|$499,065.85|$289,809.39|295610|IVA:00000000.00    , A LA CUENTA 0580295526, Traspaso Recolectora Metropoli AL R.F.C. GME540707CD1
0004686365|17/07/2013|0000170713|TRASPASO A CUENTA PROPIA|790|8846|$0.00|$75,000.00|$214,809.39|295611|IVA:00000000.00    , A LA CUENTA 0559478361, TRASPASO PRESUPUESTO PROVEEDOR AL R.F.C. GME540707CD1
0004686365|18/07/2013|0000000000|DEP. REMOTO CH. SBC 0000395|006|4543|$1,018.98|$0.00|$215,828.37|295612|CHEQUE RECIBIDO SBC POR SERVICIO DE DEPOSITOS REMOTOS, BCO. 036 CTA. 40128170661 NO.CHEQUE 0000395, REFERENCIA:
0004686365|18/07/2013|0000000000|DEP. REMOTO CH. SBC 0695554|006|4543|$752.58|$0.00|$216,580.95|295613|CHEQUE RECIBIDO SBC POR SERVICIO DE DEPOSITOS REMOTOS, BCO. 032 CTA. 00014959046 NO.CHEQUE 0695554, REFERENCIA:
0004686365|18/07/2013|0000000000|DEP. REMOTO CH. SBC 0002634|006|4543|$8,065.26|$0.00|$224,646.21|295614|CHEQUE RECIBIDO SBC POR SERVICIO DE DEPOSITOS REMOTOS, BCO. 030 CTA. 51960190201 NO.CHEQUE 0002634, REFERENCIA:
0004686365|18/07/2013|0000000000|DEP. REMOTO CH. SBC 9967221|006|4543|$3,726.06|$0.00|$228,372.27|295615|CHEQUE RECIBIDO SBC POR SERVICIO DE DEPOSITOS REMOTOS, BCO. 032 CTA. 00011219106 NO.CHEQUE 9967221, REFERENCIA:
0004686365|18/07/2013|0000000000|DEP. REMOTO CH. SBC 0000050|006|4543|$1,425.25|$0.00|$229,797.52|295616|CHEQUE RECIBIDO SBC POR SERVICIO DE DEPOSITOS REMOTOS, BCO. 032 CTA. 00017484316 NO.CHEQUE 0000050, REFERENCIA:
0004686365|18/07/2013|0000000000|DEP. REMOTO CH. SBC 0000159|006|4543|$859.14|$0.00|$230,656.66|295617|CHEQUE RECIBIDO SBC POR SERVICIO DE DEPOSITOS REMOTOS, BCO. 036 CTA. 50014974773 NO.CHEQUE 0000159, REFERENCIA:
0004686365|18/07/2013|0000000000|DEP. REMOTO CH. SBC 0000806|006|4543|$992.34|$0.00|$231,649.00|295618|CHEQUE RECIBIDO SBC POR SERVICIO DE DEPOSITOS REMOTOS, BCO. 030 CTA. 15380400201 NO.CHEQUE 0000806, REFERENCIA:
0004686365|18/07/2013|0000000000|DEP. REMOTO CH. SBC 0000007|006|4543|$13,485.42|$0.00|$245,134.42|295619|CHEQUE RECIBIDO SBC POR SERVICIO DE DEPOSITOS REMOTOS, BCO. 032 CTA. 08001251863 NO.CHEQUE 0000007, REFERENCIA:
0004686365|18/07/2013|0000000000|DEP. REMOTO CH. SBC 0000232|006|4543|$500.00|$0.00|$245,634.42|295620|CHEQUE RECIBIDO SBC POR SERVICIO DE DEPOSITOS REMOTOS, BCO. 036 CTA. 40125443925 NO.CHEQUE 0000232, REFERENCIA:
0004686365|18/07/2013|0000000000|DEP. REMOTO CH. SBC 0000075|006|4543|$1,700.00|$0.00|$247,334.42|295621|CHEQUE RECIBIDO SBC POR SERVICIO DE DEPOSITOS REMOTOS, BCO. 044 CTA. 00105734762 NO.CHEQUE 0000075, REFERENCIA:
0004686365|18/07/2013|0000000000|DEP. REMOTO CH. SBC 0000053|006|4543|$666.00|$0.00|$248,000.42|295622|CHEQUE RECIBIDO SBC POR SERVICIO DE DEPOSITOS REMOTOS, BCO. 032 CTA. 00016271467 NO.CHEQUE 0000053, REFERENCIA:
0004686365|18/07/2013|0000000000|DEP. REMOTO CH. SBC 0000406|006|4543|$600.00|$0.00|$248,600.42|295623|CHEQUE RECIBIDO SBC POR SERVICIO DE DEPOSITOS REMOTOS, BCO. 044 CTA. 00106966128 NO.CHEQUE 0000406, REFERENCIA:
0004686365|18/07/2013|0000000000|DEP. REMOTO CH. SBC 0000073|006|4543|$800.00|$0.00|$249,400.42|295624|CHEQUE RECIBIDO SBC POR SERVICIO DE DEPOSITOS REMOTOS, BCO. 036 CTA. 40123877057 NO.CHEQUE 0000073, REFERENCIA:
0004686365|18/07/2013|0000000000|DEP. REMOTO CH. SBC 0286418|006|4543|$600.00|$0.00|$250,000.42|295625|CHEQUE RECIBIDO SBC POR SERVICIO DE DEPOSITOS REMOTOS, BCO. 032 CTA. 00013854232 NO.CHEQUE 0286418, REFERENCIA:
0004686365|18/07/2013|0000000000|DEP. REMOTO CH. SBC 9653292|006|4543|$1,000.00|$0.00|$251,000.42|295626|CHEQUE RECIBIDO SBC POR SERVICIO DE DEPOSITOS REMOTOS, BCO. 032 CTA. 00010190902 NO.CHEQUE 9653292, REFERENCIA:
0004686365|18/07/2013|0000000000|DEP. REMOTO CH. SBC 0506887|006|4543|$1,000.00|$0.00|$252,000.42|295627|CHEQUE RECIBIDO SBC POR SERVICIO DE DEPOSITOS REMOTOS, BCO. 032 CTA. 00014459108 NO.CHEQUE 0506887, REFERENCIA:
0004686365|18/07/2013|0000000000|DEP. REMOTO CH. SBC 0074410|006|4543|$1,500.00|$0.00|$253,500.42|295628|CHEQUE RECIBIDO SBC POR SERVICIO DE DEPOSITOS REMOTOS, BCO. 032 CTA. 00013498924 NO.CHEQUE 0074410, REFERENCIA:
0004686365|18/07/2013|0000000000|DEP. REMOTO CH. SBC 0392452|006|4543|$1,798.20|$0.00|$255,298.62|295629|CHEQUE RECIBIDO SBC POR SERVICIO DE DEPOSITOS REMOTOS, BCO. 032 CTA. 00014163195 NO.CHEQUE 0392452, REFERENCIA:
0004686365|18/07/2013|0000000000|DEP. REMOTO CH. SBC 0000071|006|4543|$8,185.00|$0.00|$263,483.62|295630|CHEQUE RECIBIDO SBC POR SERVICIO DE DEPOSITOS REMOTOS, BCO. 044 CTA. 00100582957 NO.CHEQUE 0000071, REFERENCIA:
0004686365|18/07/2013|0000000000|DEP. REMOTO CH. SBC 0001095|006|4543|$715.00|$0.00|$264,198.62|295631|CHEQUE RECIBIDO SBC POR SERVICIO DE DEPOSITOS REMOTOS, BCO. 036 CTA. 50006347537 NO.CHEQUE 0001095, REFERENCIA:
0004686365|18/07/2013|0000000000|DEPOSITO DE CUENTA PROPIA|262|8846|$335,000.00|$0.00|$599,198.62|295632|DE LA CUENTA 0515492550, Traspaso Tpv a Concentr
0004686365|18/07/2013|0000000000|DEPOSITO DE CUENTA PROPIA|262|8846|$20,000.00|$0.00|$619,198.62|295633|DE LA CUENTA 0526140549, Traspaso Ref a Concentr
0004686365|18/07/2013|0000000000|DEPOSITO DE CUENTA PROPIA|262|8846|$230,000.00|$0.00|$849,198.62|295634|DE LA CUENTA 0662334059, Traspaso Est Carb a Conc
0004686365|18/07/2013|0000000000|TRASPASO A CUENTA PROPIA|790|8846|$0.00|$300,000.00|$549,198.62|295635|IVA:00000000.00    , A LA CUENTA 0559478361, Traspaso Presupuesto prov AL R.F.C. GME540707CD1
0004686365|18/07/2013|0000000000|DEPOSITO REMOTO CHQS.BANORTE|080|4543|$1,332.30|$0.00|$550,530.92|295636|TOTAL DE          2 CHEQUES BANORTE RECIBIDOS, POR SERVICIO DE DEPOSITOS REMOTOS., REFERENCIA: 000000001170713
0004686365|18/07/2013|0000000000|DEPOSITO REMOTO CHQS.BANORTE|080|4543|$2,372.91|$0.00|$552,903.83|295637|TOTAL DE          2 CHEQUES BANORTE RECIBIDOS, POR SERVICIO DE DEPOSITOS REMOTOS., REFERENCIA: 000000002170713
0004686365|18/07/2013|0000000000|DEPOSITO REMOTO CHQS.BANORTE|080|4543|$5,134.06|$0.00|$558,037.89|295638|TOTAL DE          1 CHEQUES BANORTE RECIBIDOS, POR SERVICIO DE DEPOSITOS REMOTOS., REFERENCIA: 000000003170713
0004686365|18/07/2013|0000000000|DEPOSITO REMOTO CHQS.BANORTE|080|4543|$13,820.10|$0.00|$571,857.99|295639|TOTAL DE          3 CHEQUES BANORTE RECIBIDOS, POR SERVICIO DE DEPOSITOS REMOTOS., REFERENCIA: 000000007170713
0004686365|18/07/2013|0000000000|CHQ.LOC.000180|006|0004|$700.00|$0.00|$572,557.99|295640|BCO :0019 CTA. 0000816000840 NO.CHEQUE 0000000180
0004686365|18/07/2013|0000000000|DEPOSITO CHQ.BANORTE 0001849|080|0004|$3,476.52|$0.00|$576,034.51|295641|DEPOSITO DE LA CUENTA : 0814565812
0004686365|18/07/2013|0000000000|TR004 9170358|003|5663|$92,601.71|$0.00|$668,636.22|295642|SPEI RECIBIDO DEL BANCO 0014, DEL CLIENTE GAS METROPOLITANO SA DE CV, DE LA CLABE 014180655015916550   CON RFC GME540707CD1, CONCEPTO: TRASPASO METROPOLITANO SANTANDER 170713
0004686365|18/07/2013|0000000000|DEPOSITO CHQ.BANORTE 0000020|080|0004|$5,700.00|$0.00|$674,336.22|295643|DEPOSITO DE LA CUENTA : 0851172309
0004686365|18/07/2013|0000000000|BNET01001307180000052145|003|5663|$49,314.11|$0.00|$723,650.33|295644|SPEI RECIBIDO DEL BANCO 0012, DEL CLIENTE GAS METROPOLITANO SA DE CV, DE LA CLABE 012180001543555987   CON RFC GME540707 CD1, CONCEPTO: TRASPASO BANCOMER A BANORTE CONCENTRADOR
0004686365|18/07/2013|0000000000|BNET01001307180000053093|003|5663|$430,000.00|$0.00|$1,153,650.33|295645|SPEI RECIBIDO DEL BANCO 0012, DEL CLIENTE GAS METROPOLITANO SA DE CV, DE LA CLABE 012180001100072777   CON RFC GME540707 CD1, CONCEPTO: TRASPASO BANCOMER A BANORTE CONCENTRADOR
0004686365|18/07/2013|0000000000|3573473188|003|5663|$120,000.00|$0.00|$1,273,650.33|295646|SPEI RECIBIDO DEL BANCO 0044, DEL CLIENTE GAS METROPOLITANO SA DE CV, DE LA CLABE 044180001005708509   CON RFC RFC NO DISPONIBLE, CONCEPTO: TRASPASO CONCENTRADORA BANORTE
0004686365|18/07/2013|0000000000|BNET01001307180000061096|003|5663|$36,404.72|$0.00|$1,310,055.05|295647|SPEI RECIBIDO DEL BANCO 0012, DEL CLIENTE GAS METROPOLITANO SA DE CV, DE LA CLABE 012180001543555987   CON RFC GME540707 CD1, CONCEPTO: TRASPASO BBVA A BNTE CONCENTRADORA
0004686365|18/07/2013|0000000000|TR004 9192458|003|5663|$40,000.00|$0.00|$1,350,055.05|295648|SPEI RECIBIDO DEL BANCO 0014, DEL CLIENTE GAS METROPOLITANO SA DE CV, DE LA CLABE 014180655019944968   CON RFC GME540707CD1, CONCEPTO: TRASPASO METROPOLITANO SANTANDER REFEREN
0004686365|18/07/2013|0000000000|DEPOSITO EN EFECTIVO|000|0357|$4,774.50|$0.00|$1,354,829.55|295649|MEXICO
0004686365|18/07/2013|0000000000|HSBC026208|003|5663|$204,000.00|$0.00|$1,558,829.55|295650|SPEI RECIBIDO DEL BANCO 0021, DEL CLIENTE GAS METROPOLITANO  S A  DE C V, DE LA CLABE 021180040195032347   CON RFC 0GME540707CD1, CONCEPTO: TRASPASO CTA 3234 HSBC A CONCENTRADORA B
0004686365|18/07/2013|0000000000|HSBC026262|003|5663|$33,067.57|$0.00|$1,591,897.12|295651|SPEI RECIBIDO DEL BANCO 0021, DEL CLIENTE GAS METROPOLITANO  S A  DE C V, DE LA CLABE 021180040293499743   CON RFC 0GME540707CD1, CONCEPTO: TRASPASO DEP MINE Y RECUP HSBC 9974 A CO
0004686365|18/07/2013|0000000000|TRASPASO A CUENTA PROPIA|790|8846|$0.00|$1,030,312.58|$561,584.54|295652|IVA:00000000.00    , A LA CUENTA 0580295526, Traspaso Recolectora Metropoli AL R.F.C. GME540707CD1
0004686365|18/07/2013|0000000000|085901688450319938|003|5663|$360,000.00|$0.00|$921,584.54|295653|SPEI RECIBIDO DEL BANCO 0002, DEL CLIENTE GAS METROPOLITANO SA DE CV, DE LA CLABE 002180020800108615   CON RFC  GME540707CD1, CONCEPTO: TRASPASO CONCENTRADORA BANORTE
0004686365|18/07/2013|0000000000|085901702650319934|003|5663|$82,149.24|$0.00|$1,003,733.78|295654|SPEI RECIBIDO DEL BANCO 0002, DEL CLIENTE GAS METROPOLITANO SA DE CV, DE LA CLABE 002180020842869349   CON RFC  GME540707CD1, CONCEPTO: DEP ELECT DEL DIA TRASP BTE CONCENTRADOR
0004686365|18/07/2013|0000180713|TRASPASO A CUENTA PROPIA|790|8846|$0.00|$915,000.00|$88,733.78|295655|IVA:00000000.00    , A LA CUENTA 0559478361, TRASPASO PRESUPUESTO NOMINA AL R.F.C. GME540707CD1
0004686365|18/07/2013|0000000000|HSBC039830|003|5663|$56,610.88|$0.00|$145,344.66|295656|SPEI RECIBIDO DEL BANCO 0021, DEL CLIENTE GAS METROPOLITANO  S A  DE C V, DE LA CLABE 021180040293499743   CON RFC 0GME540707CD1, CONCEPTO: TRASPASO X DEP DEL DIA 974 HSBC A CONCEN
0004686365|19/07/2013|0000000000|3573773319|003|5663|$170,000.00|$0.00|$315,344.66|295657|SPEI RECIBIDO DEL BANCO 0044, DEL CLIENTE GAS METROPOLITANO SA DE CV, DE LA CLABE 044180001005708509   CON RFC RFC NO DISPONIBLE, CONCEPTO: TRASPASO CONCENTRADORA BANORTE
0004686365|19/07/2013|0000000000|DEPOSITO CHQ.BANORTE 0000528|080|0004|$988.50|$0.00|$316,333.16|295658|DEPOSITO DE LA CUENTA : 0681536537
0004686365|19/07/2013|0000000000|DEP. C/CHEQ IXE|003|0004|$16,964.40|$0.00|$333,297.56|295659| 
0004686365|19/07/2013|0000000000|DEPOSITO CHQ.BANORTE 0001123|080|0004|$1,200.00|$0.00|$334,497.56|295660|DEPOSITO DE LA CUENTA : 0178631745
0004686365|19/07/2013|0000000000|DEP. REMOTO CH. SBC 0003472|006|4543|$1,571.76|$0.00|$336,069.32|295661|CHEQUE RECIBIDO SBC POR SERVICIO DE DEPOSITOS REMOTOS, BCO. 037 CTA. 00300047244 NO.CHEQUE 0003472, REFERENCIA:
0004686365|19/07/2013|0000000000|DEP. REMOTO CH. SBC 0000272|006|4543|$8,751.24|$0.00|$344,820.56|295662|CHEQUE RECIBIDO SBC POR SERVICIO DE DEPOSITOS REMOTOS, BCO. 044 CTA. 00102847817 NO.CHEQUE 0000272, REFERENCIA:
0004686365|19/07/2013|0000000000|DEP. REMOTO CH. SBC 0005362|006|4543|$2,011.32|$0.00|$346,831.88|295663|CHEQUE RECIBIDO SBC POR SERVICIO DE DEPOSITOS REMOTOS, BCO. 044 CTA. 00102687178 NO.CHEQUE 0005362, REFERENCIA:
0004686365|19/07/2013|0000000000|DEP. REMOTO CH. SBC 0000074|006|4543|$1,200.00|$0.00|$348,031.88|295664|CHEQUE RECIBIDO SBC POR SERVICIO DE DEPOSITOS REMOTOS, BCO. 036 CTA. 50009401375 NO.CHEQUE 0000074, REFERENCIA:
0004686365|19/07/2013|0000000000|DEP. REMOTO CH. SBC 0000139|006|4543|$500.00|$0.00|$348,531.88|295665|CHEQUE RECIBIDO SBC POR SERVICIO DE DEPOSITOS REMOTOS, BCO. 044 CTA. 00102271850 NO.CHEQUE 0000139, REFERENCIA:
0004686365|19/07/2013|0000000000|DEP. REMOTO CH. SBC 0001758|006|4543|$1,000.00|$0.00|$349,531.88|295666|CHEQUE RECIBIDO SBC POR SERVICIO DE DEPOSITOS REMOTOS, BCO. 044 CTA. 00102005026 NO.CHEQUE 0001758, REFERENCIA:
0004686365|19/07/2013|0000000000|DEP. REMOTO CH. SBC 8026227|006|4543|$1,300.00|$0.00|$350,831.88|295667|CHEQUE RECIBIDO SBC POR SERVICIO DE DEPOSITOS REMOTOS, BCO. 032 CTA. 00011836792 NO.CHEQUE 8026227, REFERENCIA:
0004686365|19/07/2013|0000000000|DEP. REMOTO CH. SBC 0002453|006|4543|$500.00|$0.00|$351,331.88|295668|CHEQUE RECIBIDO SBC POR SERVICIO DE DEPOSITOS REMOTOS, BCO. 044 CTA. 00105873150 NO.CHEQUE 0002453, REFERENCIA:
0004686365|19/07/2013|0000000000|DEP. REMOTO CH. SBC 0000995|006|4543|$516.00|$0.00|$351,847.88|295669|CHEQUE RECIBIDO SBC POR SERVICIO DE DEPOSITOS REMOTOS, BCO. 044 CTA. 00103080129 NO.CHEQUE 0000995, REFERENCIA:
0004686365|19/07/2013|0000000000|DEP. REMOTO CH. SBC 0011824|006|4543|$2,200.00|$0.00|$354,047.88|295670|CHEQUE RECIBIDO SBC POR SERVICIO DE DEPOSITOS REMOTOS, BCO. 044 CTA. 00103420191 NO.CHEQUE 0011824, REFERENCIA:
0004686365|19/07/2013|0000000000|DEP. REMOTO CH. SBC 0007364|006|4543|$2,410.00|$0.00|$356,457.88|295671|CHEQUE RECIBIDO SBC POR SERVICIO DE DEPOSITOS REMOTOS, BCO. 044 CTA. 00102848546 NO.CHEQUE 0007364, REFERENCIA:
0004686365|19/07/2013|0000000000|DEPOSITO REMOTO CHQS.BANORTE|080|4543|$1,831.50|$0.00|$358,289.38|295672|TOTAL DE          1 CHEQUES BANORTE RECIBIDOS, POR SERVICIO DE DEPOSITOS REMOTOS., REFERENCIA: 000000001180713
0004686365|19/07/2013|0000000000|DEPOSITO REMOTO CHQS.BANORTE|080|4543|$1,999.00|$0.00|$360,288.38|295673|TOTAL DE          2 CHEQUES BANORTE RECIBIDOS, POR SERVICIO DE DEPOSITOS REMOTOS., REFERENCIA: 000000007180713
0004686365|19/07/2013|0000000000|DEPOSITO REMOTO CHQS.BANORTE|080|4543|$5,721.96|$0.00|$366,010.34|295674|TOTAL DE          3 CHEQUES BANORTE RECIBIDOS, POR SERVICIO DE DEPOSITOS REMOTOS., REFERENCIA: 000000003170713
0004686365|19/07/2013|0000000000|DEPOSITO REMOTO CHQS.BANORTE|080|4543|$11,322.00|$0.00|$377,332.34|295675|TOTAL DE          2 CHEQUES BANORTE RECIBIDOS, POR SERVICIO DE DEPOSITOS REMOTOS., REFERENCIA: 000000002180713
0004686365|19/07/2013|0000000000|DEPOSITO DE CUENTA PROPIA|262|8846|$325,000.00|$0.00|$702,332.34|295676|DE LA CUENTA 0515492550, Traspaso Tpv a Concentr
0004686365|19/07/2013|0000000000|DEPOSITO DE CUENTA PROPIA|262|8846|$40,000.00|$0.00|$742,332.34|295677|DE LA CUENTA 0526140549, Traspaso Ref a Concentr
0004686365|19/07/2013|0000000000|DEPOSITO DE CUENTA PROPIA|262|8846|$120,000.00|$0.00|$862,332.34|295678|DE LA CUENTA 0662334059, Traspaso Est Carb a Conc
0004686365|19/07/2013|0000000000|TRASPASO A CUENTA PROPIA|790|8846|$0.00|$600,000.00|$262,332.34|295679|IVA:00000000.00    , A LA CUENTA 0559478361, Traspaso Presupuesto Prov AL R.F.C. GME540707CD1
0004686365|19/07/2013|0000000000|TR004 9356312|003|5663|$26,482.92|$0.00|$288,815.26|295680|SPEI RECIBIDO DEL BANCO 0014, DEL CLIENTE GAS METROPOLITANO SA DE CV, DE LA CLABE 014180655015916550   CON RFC GME540707CD1, CONCEPTO: TRASPASO METROPOLITANO SANTANDER 180713
0004686365|19/07/2013|0000000000|TR004 9356315|003|5663|$513,603.76|$0.00|$802,419.02|295681|SPEI RECIBIDO DEL BANCO 0014, DEL CLIENTE GAS METROPOLITANO SA DE CV, DE LA CLABE 014180655015916550   CON RFC GME540707CD1, CONCEPTO: TRASPASO METROPOLITANO SANTANDER CLIENTE
0004686365|19/07/2013|0000000000|HSBC017504|003|5663|$121,557.42|$0.00|$923,976.44|295682|SPEI RECIBIDO DEL BANCO 0021, DEL CLIENTE GAS METROPOLITANO  S A  DE C V, DE LA CLABE 021180040293499743   CON RFC 0GME540707CD1, CONCEPTO: TRASPASO X DEP DEL DIA 9974 HSBC A CONC
0004686365|19/07/2013|0000000000|DEPOSITO EN EFECTIVO|000|0357|$65,701.90|$0.00|$989,678.34|295683|MEXICO
0004686365|19/07/2013|0000000000|TRASPASO A CUENTA PROPIA|790|8846|$0.00|$815,322.58|$174,355.76|295684|IVA:00000000.00    , A LA CUENTA 0580295526, Traspaso Recolectora Metropoli AL R.F.C. GME540707CD1
0004686365|19/07/2013|0000190713|TRASPASO DE CTA :   0559478361|004|4264|$21,495.00|$0.00|$195,850.76|295685|DE CUENTA 0559478361, TERCEROS
0004686365|19/07/2013|0000190713|TRASPASO A CUENTA PROPIA|790|8846|$0.00|$170,000.00|$25,850.76|295686|IVA:00000000.00    , A LA CUENTA 0559478361, TRASPASO PRESUPUESTO PROVEEDOR AL R.F.C. GME540707CD1
0004686365|19/07/2013|0000190713|DEPOSITO DE CUENTA PROPIA|262|8846|$110,000.00|$0.00|$135,850.76|295687|DE LA CUENTA 0662334059, TRASPASO EST CARB A CONCENTRAD
0004686365|19/07/2013|0000190713|TRASPASO A CUENTA PROPIA|790|8846|$0.00|$50,000.00|$85,850.76|295688|IVA:00000000.00    , A LA CUENTA 0559478361, TRASPASO PRESUPUESTO PROVEEDOR AL R.F.C. GME540707CD1
0004686365|22/07/2013|0000000000|3573370171|003|5663|$165,000.00|$0.00|$250,850.76|295689|SPEI RECIBIDO DEL BANCO 0044, DEL CLIENTE GAS METROPOLITANO SA DE CV, DE LA CLABE 044180001005708509   CON RFC RFC NO DISPONIBLE, CONCEPTO: TRASPASO CONCENTRADORA BANORTE
0004686365|22/07/2013|0000000000|DEPOSITO EN EFECTIVO|000|0357|$9,180.10|$0.00|$260,030.86|295690|MEXICO
0004686365|22/07/2013|0000000000|DEPOSITO EN EFECTIVO|000|0357|$11,723.20|$0.00|$271,754.06|295691|MEXICO
0004686365|22/07/2013|0000000000|DEPOSITO EN EFECTIVO|000|0357|$550.00|$0.00|$272,304.06|295692|MEXICO
0004686365|22/07/2013|0000000000|DEPOSITO EN EFECTIVO|000|0357|$6,696.60|$0.00|$279,000.66|295693|MEXICO
0004686365|22/07/2013|0000000000|DEPOSITO EN EFECTIVO|000|0357|$8,723.60|$0.00|$287,724.26|295694|MEXICO
0004686365|22/07/2013|0000000000|DEPOSITO EN EFECTIVO|000|0357|$22,385.10|$0.00|$310,109.36|295695|MEXICO
0004686365|22/07/2013|0000000000|TR004 9526753|003|5663|$52,488.74|$0.00|$362,598.10|295696|SPEI RECIBIDO DEL BANCO 0014, DEL CLIENTE GAS METROPOLITANO SA DE CV, DE LA CLABE 014180655015916550   CON RFC GME540707CD1, CONCEPTO: TRASPASO METROPOLITANO SANTANDER 190713
0004686365|22/07/2013|0000000000|TR004 9526754|003|5663|$67,881.82|$0.00|$430,479.92|295697|SPEI RECIBIDO DEL BANCO 0014, DEL CLIENTE GAS METROPOLITANO SA DE CV, DE LA CLABE 014180655015916550   CON RFC GME540707CD1, CONCEPTO: TRASPASO METROPOLITANO SANTANDER 200713
0004686365|22/07/2013|0000000000|TR004 9526755|003|5663|$489,337.36|$0.00|$919,817.28|295698|SPEI RECIBIDO DEL BANCO 0014, DEL CLIENTE GAS METROPOLITANO SA DE CV, DE LA CLABE 014180655015916550   CON RFC GME540707CD1, CONCEPTO: TRASPASO METROPOLITANO SANTANDER CLIENTE
0004686365|22/07/2013|0000220713|DEPOSITO DE CUENTA PROPIA|262|8846|$70,000.00|$0.00|$989,817.28|295699|DE LA CUENTA 0662334059, TRASPASO EST CARB A CONCENTRA
0004686365|22/07/2013|0000220713|DEPOSITO DE CUENTA PROPIA|262|8846|$32,000.00|$0.00|$1,021,817.28|295700|DE LA CUENTA 0526140549, TRASPASO REFEREN A CONCENT
0004686365|22/07/2013|0000220713|DEPOSITO DE CUENTA PROPIA|262|8846|$830,000.00|$0.00|$1,851,817.28|295701|DE LA CUENTA 0515492550, TRASPASO TPV A CONCENTRADORA
0004686365|22/07/2013|0000000000|085900583460320330|003|5663|$125,644.93|$0.00|$1,977,462.21|295702|SPEI RECIBIDO DEL BANCO 0002, DEL CLIENTE GAS METROPOLITANO SA DE CV, DE LA CLABE 002180020842869349   CON RFC  GME540707CD1, CONCEPTO: TRASPASO CONCENTRADORA BANORTE
0004686365|22/07/2013|0000000000|DEP. REMOTO CH. SBC 8131267|006|4543|$852.48|$0.00|$1,978,314.69|295703|CHEQUE RECIBIDO SBC POR SERVICIO DE DEPOSITOS REMOTOS, BCO. 032 CTA. 00011694246 NO.CHEQUE 8131267, REFERENCIA:
0004686365|22/07/2013|0000000000|DEP. REMOTO CH. SBC 0392460|006|4543|$1,818.18|$0.00|$1,980,132.87|295704|CHEQUE RECIBIDO SBC POR SERVICIO DE DEPOSITOS REMOTOS, BCO. 032 CTA. 00014163195 NO.CHEQUE 0392460, REFERENCIA:
0004686365|22/07/2013|0000000000|DEP. REMOTO CH. SBC 0000920|006|4543|$692.64|$0.00|$1,980,825.51|295705|CHEQUE RECIBIDO SBC POR SERVICIO DE DEPOSITOS REMOTOS, BCO. 044 CTA. 00109200134 NO.CHEQUE 0000920, REFERENCIA:
0004686365|22/07/2013|0000000000|DEP. REMOTO CH. SBC 0000532|006|4543|$1,145.52|$0.00|$1,981,971.03|295706|CHEQUE RECIBIDO SBC POR SERVICIO DE DEPOSITOS REMOTOS, BCO. 044 CTA. 00103291197 NO.CHEQUE 0000532, REFERENCIA:
0004686365|22/07/2013|0000000000|DEP. REMOTO CH. SBC 0002640|006|4543|$879.12|$0.00|$1,982,850.15|295707|CHEQUE RECIBIDO SBC POR SERVICIO DE DEPOSITOS REMOTOS, BCO. 044 CTA. 00101032437 NO.CHEQUE 0002640, REFERENCIA:
0004686365|22/07/2013|0000000000|DEP. REMOTO CH. SBC 0000006|006|4543|$500.00|$0.00|$1,983,350.15|295708|CHEQUE RECIBIDO SBC POR SERVICIO DE DEPOSITOS REMOTOS, BCO. 036 CTA. 50018241828 NO.CHEQUE 0000006, REFERENCIA:
0004686365|22/07/2013|0000000000|DEP. REMOTO CH. SBC 0000162|006|4543|$300.00|$0.00|$1,983,650.15|295709|CHEQUE RECIBIDO SBC POR SERVICIO DE DEPOSITOS REMOTOS, BCO. 044 CTA. 00105843413 NO.CHEQUE 0000162, REFERENCIA:
0004686365|22/07/2013|0000000000|DEP. REMOTO CH. SBC 0000244|006|4543|$1,000.00|$0.00|$1,984,650.15|295710|CHEQUE RECIBIDO SBC POR SERVICIO DE DEPOSITOS REMOTOS, BCO. 044 CTA. 03901933639 NO.CHEQUE 0000244, REFERENCIA:
0004686365|22/07/2013|0000000000|DEP. REMOTO CH. SBC 0000477|006|4543|$500.00|$0.00|$1,985,150.15|295711|CHEQUE RECIBIDO SBC POR SERVICIO DE DEPOSITOS REMOTOS, BCO. 036 CTA. 40129917867 NO.CHEQUE 0000477, REFERENCIA:
0004686365|22/07/2013|0000000000|DEP. REMOTO CH. SBC 0000460|006|4543|$999.00|$0.00|$1,986,149.15|295712|CHEQUE RECIBIDO SBC POR SERVICIO DE DEPOSITOS REMOTOS, BCO. 036 CTA. 40130483439 NO.CHEQUE 0000460, REFERENCIA:
0004686365|22/07/2013|0000000000|DEP. REMOTO CH. SBC 0853226|006|4543|$1,000.00|$0.00|$1,987,149.15|295713|CHEQUE RECIBIDO SBC POR SERVICIO DE DEPOSITOS REMOTOS, BCO. 032 CTA. 00016579380 NO.CHEQUE 0853226, REFERENCIA:
0004686365|22/07/2013|0000000000|DEP. REMOTO CH. SBC 0563585|006|4543|$1,246.20|$0.00|$1,988,395.35|295714|CHEQUE RECIBIDO SBC POR SERVICIO DE DEPOSITOS REMOTOS, BCO. 032 CTA. 00013304038 NO.CHEQUE 0563585, REFERENCIA:
0004686365|22/07/2013|0000000000|DEP. REMOTO CH. SBC 0000045|006|4543|$799.20|$0.00|$1,989,194.55|295715|CHEQUE RECIBIDO SBC POR SERVICIO DE DEPOSITOS REMOTOS, BCO. 036 CTA. 50014682323 NO.CHEQUE 0000045, REFERENCIA:
0004686365|22/07/2013|0000000000|DEP. REMOTO CH. SBC 0090719|006|4543|$1,000.00|$0.00|$1,990,194.55|295716|CHEQUE RECIBIDO SBC POR SERVICIO DE DEPOSITOS REMOTOS, BCO. 042 CTA. 00140004782 NO.CHEQUE 0090719, REFERENCIA:
0004686365|22/07/2013|0000000000|DEP. REMOTO CH. SBC 0000053|006|4543|$15,000.00|$0.00|$2,005,194.55|295717|CHEQUE RECIBIDO SBC POR SERVICIO DE DEPOSITOS REMOTOS, BCO. 030 CTA. 68719170201 NO.CHEQUE 0000053, REFERENCIA:
0004686365|22/07/2013|0000000000|DEP. REMOTO CH. SBC 0311968|006|4543|$2,498.00|$0.00|$2,007,692.55|295718|CHEQUE RECIBIDO SBC POR SERVICIO DE DEPOSITOS REMOTOS, BCO. 032 CTA. 00013916599 NO.CHEQUE 0311968, REFERENCIA:
0004686365|22/07/2013|0000000000|DEP. REMOTO CH. SBC 0000092|006|4543|$666.00|$0.00|$2,008,358.55|295719|CHEQUE RECIBIDO SBC POR SERVICIO DE DEPOSITOS REMOTOS, BCO. 044 CTA. 00105528607 NO.CHEQUE 0000092, REFERENCIA:
0004686365|22/07/2013|0000000000|DEP. REMOTO CH. SBC 0000050|006|4543|$799.20|$0.00|$2,009,157.75|295720|CHEQUE RECIBIDO SBC POR SERVICIO DE DEPOSITOS REMOTOS, BCO. 036 CTA. 50014682323 NO.CHEQUE 0000050, REFERENCIA:
0004686365|22/07/2013|0000000000|DEP. REMOTO CH. SBC 0000464|006|4543|$1,510.00|$0.00|$2,010,667.75|295721|CHEQUE RECIBIDO SBC POR SERVICIO DE DEPOSITOS REMOTOS, BCO. 030 CTA. 48409550201 NO.CHEQUE 0000464, REFERENCIA:
0004686365|22/07/2013|0000000000|DEP. REMOTO CH. SBC 0000333|006|4543|$2,997.00|$0.00|$2,013,664.75|295722|CHEQUE RECIBIDO SBC POR SERVICIO DE DEPOSITOS REMOTOS, BCO. 044 CTA. 00103947807 NO.CHEQUE 0000333, REFERENCIA:
0004686365|22/07/2013|0000000000|DEP. REMOTO CH. SBC 0001158|006|4543|$700.00|$0.00|$2,014,364.75|295723|CHEQUE RECIBIDO SBC POR SERVICIO DE DEPOSITOS REMOTOS, BCO. 132 CTA. 00000101613 NO.CHEQUE 0001158, REFERENCIA:
0004686365|22/07/2013|0000000000|DEP. REMOTO CH. SBC 6184789|006|4543|$1,198.80|$0.00|$2,015,563.55|295724|CHEQUE RECIBIDO SBC POR SERVICIO DE DEPOSITOS REMOTOS, BCO. 032 CTA. 00012360902 NO.CHEQUE 6184789, REFERENCIA:
0004686365|22/07/2013|0000000000|DEP. REMOTO CH. SBC 9279626|006|4543|$1,531.00|$0.00|$2,017,094.55|295725|CHEQUE RECIBIDO SBC POR SERVICIO DE DEPOSITOS REMOTOS, BCO. 032 CTA. 00013303139 NO.CHEQUE 9279626, REFERENCIA:
0004686365|22/07/2013|0000000000|DEPOSITO REMOTO CHQS.BANORTE|080|4543|$800.00|$0.00|$2,017,894.55|295726|TOTAL DE          1 CHEQUES BANORTE RECIBIDOS, POR SERVICIO DE DEPOSITOS REMOTOS., REFERENCIA: 000000003190713
0004686365|22/07/2013|0000000000|DEPOSITO REMOTO CHQS.BANORTE|080|4543|$1,665.00|$0.00|$2,019,559.55|295727|TOTAL DE          1 CHEQUES BANORTE RECIBIDOS, POR SERVICIO DE DEPOSITOS REMOTOS., REFERENCIA: 000000003170713
0004686365|22/07/2013|0000000000|DEPOSITO REMOTO CHQS.BANORTE|080|4543|$2,300.00|$0.00|$2,021,859.55|295728|TOTAL DE          2 CHEQUES BANORTE RECIBIDOS, POR SERVICIO DE DEPOSITOS REMOTOS., REFERENCIA: 000000001170713
0004686365|22/07/2013|0000000000|DEPOSITO REMOTO CHQS.BANORTE|080|4543|$53,886.05|$0.00|$2,075,745.60|295729|TOTAL DE          5 CHEQUES BANORTE RECIBIDOS, POR SERVICIO DE DEPOSITOS REMOTOS., REFERENCIA: 000000002190713
0004686365|22/07/2013|0000000000|DEPOSITO REMOTO CHQS.BANORTE|080|4543|$700.00|$0.00|$2,076,445.60|295730|TOTAL DE          1 CHEQUES BANORTE RECIBIDOS, POR SERVICIO DE DEPOSITOS REMOTOS., REFERENCIA: 000000001200713
0004686365|22/07/2013|0000000000|DEPOSITO REMOTO CHQS.BANORTE|080|4543|$1,431.90|$0.00|$2,077,877.50|295731|TOTAL DE          1 CHEQUES BANORTE RECIBIDOS, POR SERVICIO DE DEPOSITOS REMOTOS., REFERENCIA: 000000007200713
0004686365|22/07/2013|0000000000|DEP. C/CHEQ IXE      0000588|003|0004|$5,164.77|$0.00|$2,083,042.27|295732| 
0004686365|22/07/2013|0000000000|DEPOSITO CHQ.BANORTE 0000747|080|0004|$599.40|$0.00|$2,083,641.67|295733|DEPOSITO DE LA CUENTA : 0179268821
0004686365|22/07/2013|0000000000|DEP. C/CHEQ IXE|003|0004|$1,500.00|$0.00|$2,085,141.67|295734| 
0004686365|22/07/2013|0000000000|CHQ.LOC.000140|006|0004|$1,258.74|$0.00|$2,086,400.41|295735|BCO :0036 CTA. 0050016598607 NO.CHEQUE 0000000140
0004686365|22/07/2013|0000000000|085901097310320338|003|5663|$1,500,000.00|$0.00|$3,586,400.41|295736|SPEI RECIBIDO DEL BANCO 0002, DEL CLIENTE GAS METROPOLITANO SA DE CV, DE LA CLABE 002180020800108615   CON RFC  GME540707CD1, CONCEPTO: TRASPASO CONCENTRADORA BANORTE
0004686365|22/07/2013|0000000000|085901147210320330|003|5663|$131,167.54|$0.00|$3,717,567.95|295737|SPEI RECIBIDO DEL BANCO 0002, DEL CLIENTE GAS METROPOLITANO SA DE CV, DE LA CLABE 002180020842869349   CON RFC  GME540707CD1, CONCEPTO: DEP ELECT DEL DIA TRASP BTE CONCENTRADOR
0004686365|22/07/2013|0000000000|HSBC023350|003|5663|$335,919.61|$0.00|$4,053,487.56|295738|SPEI RECIBIDO DEL BANCO 0021, DEL CLIENTE GAS METROPOLITANO  S A  DE C V, DE LA CLABE 021180040293499743   CON RFC 0GME540707CD1, CONCEPTO: TRAASPASO X DEP DEL DIA HSBC 9974 A CONC
0004686365|22/07/2013|0000000000|BNET01001307220000086126|003|5663|$907,000.00|$0.00|$4,960,487.56|295739|SPEI RECIBIDO DEL BANCO 0012, DEL CLIENTE GAS METROPOLITANO SA DE CV, DE LA CLABE 012180001100072777   CON RFC GME540707 CD1, CONCEPTO: TRASPASO A BANORTE CONCENTRADORA
0004686365|22/07/2013|0000000000|BNET01001307220000088616|003|5663|$114,116.36|$0.00|$5,074,603.92|295740|SPEI RECIBIDO DEL BANCO 0012, DEL CLIENTE GAS METROPOLITANO SA DE CV, DE LA CLABE 012180001543555987   CON RFC GME540707 CD1, CONCEPTO: TRASPASO BBVA A BNTE CONCENTRADORA
0004686365|22/07/2013|0000000000|BNET01001307220000090126|003|5663|$93,930.97|$0.00|$5,168,534.89|295741|SPEI RECIBIDO DEL BANCO 0012, DEL CLIENTE GAS METROPOLITANO SA DE CV, DE LA CLABE 012180001543555987   CON RFC GME540707 CD1, CONCEPTO: TRASPASO BBVA A BNTE CONCENTRADORA
0004686365|22/07/2013|0000000000|BNET01001307220000091858|003|5663|$30,850.72|$0.00|$5,199,385.61|295742|SPEI RECIBIDO DEL BANCO 0012, DEL CLIENTE GAS METROPOLITANO SA DE CV, DE LA CLABE 012180001543555987   CON RFC GME540707 CD1, CONCEPTO: TRASPASO BBVA A BNTE CONCENTRADORA
0004686365|22/07/2013|0000220713|DEPOSITO DE CUENTA PROPIA|262|8846|$250,000.00|$0.00|$5,449,385.61|295743|DE LA CUENTA 0662334059, TRASPASO EST CARB A CONCENTRAD
0004686365|22/07/2013|0000220713|TRASPASO A CUENTA PROPIA|790|8846|$0.00|$4,749,183.57|$700,202.04|295744|IVA:00000000.00    , A LA CUENTA 0089348641, TRASPASO PAGO PEMEX AL R.F.C. GME540707CD1
0004686365|22/07/2013|0000000000|HSBC041777|003|5663|$150,000.00|$0.00|$850,202.04|295745|SPEI RECIBIDO DEL BANCO 0021, DEL CLIENTE GAS METROPOLITANO  S A  DE C V, DE LA CLABE 021180040195032347   CON RFC 0GME540707CD1, CONCEPTO: TRASPASO DE CTA 3234 HSBC A CONCENT BAN
0004686365|22/07/2013|0000000000|HSBC041802|003|5663|$50,000.00|$0.00|$900,202.04|295746|SPEI RECIBIDO DEL BANCO 0021, DEL CLIENTE GAS METROPOLITANO  S A  DE C V, DE LA CLABE 021180040270312102   CON RFC 0GME540707CD1, CONCEPTO: TRASPASO DE CTA 1210 HSBC A CONCENT BANO
0004686365|22/07/2013|0000220713|DEPOSITO DE CUENTA PROPIA|262|8846|$1,010,000.00|$0.00|$1,910,202.04|295747|DE LA CUENTA 0559478361, TRASPASO PAGO PEMEX
0004686365|22/07/2013|0000220713|TRASPASO A CUENTA PROPIA|790|8846|$0.00|$1,866,892.09|$43,309.95|295748|IVA:00000000.00    , A LA CUENTA 0580295526, Traspaso Recolectora Metropoli AL R.F.C. GME540707CD1
0004686365|22/07/2013|0000000000|DEPOSITO REMOTO CHQS.BANORTE|080|4543|$300.00|$0.00|$43,609.95|295749|TOTAL DE          1 CHEQUES BANORTE RECIBIDOS, POR SERVICIO DE DEPOSITOS REMOTOS., REFERENCIA: 000000003200713
0004686365|23/07/2013|0000000000|VENC. CAP. MDD|092|8100|$4,000,000.00|$0.00|$4,043,609.95|295750|CONTRATO 0098937331 FOLIO 28930737 23/07
0004686365|23/07/2013|0000000000|INTERES MDD|093|8100|$2,566.67|$0.00|$4,046,176.62|295751|CONTRATO 0098937331 FOLIO 28930737 23/07
0004686365|23/07/2013|0000000000|Impuesto Sobre la Renta|592|8100|$0.00|$460.27|$4,045,716.35|295752|CONTRATO 0098937331 FOLIO 28930737 23/07
0004686365|23/07/2013|0000000000|DEV.CHEQUE LOCAL 0000000053|506|8068|$0.00|$15,000.00|$4,030,716.35|295753|FONDOS INSUFICIENTES
0004686365|23/07/2013|0000000000|3573678643|003|5663|$125,000.00|$0.00|$4,155,716.35|295754|SPEI RECIBIDO DEL BANCO 0044, DEL CLIENTE GAS METROPOLITANO SA DE CV, DE LA CLABE 044180001005708509   CON RFC RFC NO DISPONIBLE, CONCEPTO: TRASPASO CONCENTRADORA BANORTE
0004686365|23/07/2013|0000000000|DEP. REMOTO CH. SBC 0003928|006|4543|$4,735.18|$0.00|$4,160,451.53|295755|CHEQUE RECIBIDO SBC POR SERVICIO DE DEPOSITOS REMOTOS, BCO. 032 CTA. 00015628744 NO.CHEQUE 0003928, REFERENCIA:
0004686365|23/07/2013|0000000000|DEP. REMOTO CH. SBC 0000131|006|4543|$1,638.36|$0.00|$4,162,089.89|295756|CHEQUE RECIBIDO SBC POR SERVICIO DE DEPOSITOS REMOTOS, BCO. 036 CTA. 40127302610 NO.CHEQUE 0000131, REFERENCIA:
0004686365|23/07/2013|0000000000|DEP. REMOTO CH. SBC 0000082|006|4543|$925.74|$0.00|$4,163,015.63|295757|CHEQUE RECIBIDO SBC POR SERVICIO DE DEPOSITOS REMOTOS, BCO. 032 CTA. 00017315387 NO.CHEQUE 0000082, REFERENCIA:
0004686365|23/07/2013|0000000000|DEP. REMOTO CH. SBC 0000026|006|4543|$1,658.34|$0.00|$4,164,673.97|295758|CHEQUE RECIBIDO SBC POR SERVICIO DE DEPOSITOS REMOTOS, BCO. 036 CTA. 50017394599 NO.CHEQUE 0000026, REFERENCIA:
0004686365|23/07/2013|0000000000|DEP. REMOTO CH. SBC 0002308|006|4543|$6,215.82|$0.00|$4,170,889.79|295759|CHEQUE RECIBIDO SBC POR SERVICIO DE DEPOSITOS REMOTOS, BCO. 032 CTA. 00015732924 NO.CHEQUE 0002308, REFERENCIA:
0004686365|23/07/2013|0000000000|DEP. REMOTO CH. SBC 0000233|006|4543|$6,007.32|$0.00|$4,176,897.11|295760|CHEQUE RECIBIDO SBC POR SERVICIO DE DEPOSITOS REMOTOS, BCO. 032 CTA. 00015305317 NO.CHEQUE 0000233, REFERENCIA:
0004686365|23/07/2013|0000000000|DEP. REMOTO CH. SBC 0003859|006|4543|$4,996.11|$0.00|$4,181,893.22|295761|CHEQUE RECIBIDO SBC POR SERVICIO DE DEPOSITOS REMOTOS, BCO. 032 CTA. 00015628744 NO.CHEQUE 0003859, REFERENCIA:
0004686365|23/07/2013|0000000000|DEP. REMOTO CH. SBC 0000875|006|4543|$1,020.00|$0.00|$4,182,913.22|295762|CHEQUE RECIBIDO SBC POR SERVICIO DE DEPOSITOS REMOTOS, BCO. 036 CTA. 50002466820 NO.CHEQUE 0000875, REFERENCIA:
0004686365|23/07/2013|0000000000|DEP. REMOTO CH. SBC 0004407|006|4543|$600.00|$0.00|$4,183,513.22|295763|CHEQUE RECIBIDO SBC POR SERVICIO DE DEPOSITOS REMOTOS, BCO. 044 CTA. 00100423386 NO.CHEQUE 0004407, REFERENCIA:
0004686365|23/07/2013|0000000000|DEP. REMOTO CH. SBC 0000470|006|4543|$999.00|$0.00|$4,184,512.22|295764|CHEQUE RECIBIDO SBC POR SERVICIO DE DEPOSITOS REMOTOS, BCO. 032 CTA. 00017095271 NO.CHEQUE 0000470, REFERENCIA:
0004686365|23/07/2013|0000000000|DEP. REMOTO CH. SBC 0000023|006|4543|$532.80|$0.00|$4,185,045.02|295765|CHEQUE RECIBIDO SBC POR SERVICIO DE DEPOSITOS REMOTOS, BCO. 133 CTA. 00003700077 NO.CHEQUE 0000023, REFERENCIA:
0004686365|23/07/2013|0000000000|DEP. REMOTO CH. SBC 0000705|006|4543|$2,930.40|$0.00|$4,187,975.42|295766|CHEQUE RECIBIDO SBC POR SERVICIO DE DEPOSITOS REMOTOS, BCO. 044 CTA. 00104032594 NO.CHEQUE 0000705, REFERENCIA:
0004686365|23/07/2013|0000000000|DEP. REMOTO CH. SBC 0001060|006|4543|$3,978.00|$0.00|$4,191,953.42|295767|CHEQUE RECIBIDO SBC POR SERVICIO DE DEPOSITOS REMOTOS, BCO. 044 CTA. 00104895169 NO.CHEQUE 0001060, REFERENCIA:
0004686365|23/07/2013|0000000000|DEP. REMOTO CH. SBC 0000431|006|4543|$1,000.00|$0.00|$4,192,953.42|295768|CHEQUE RECIBIDO SBC POR SERVICIO DE DEPOSITOS REMOTOS, BCO. 036 CTA. 40129236002 NO.CHEQUE 0000431, REFERENCIA:
0004686365|23/07/2013|0000000000|DEP. REMOTO CH. SBC 0000174|006|4543|$3,496.50|$0.00|$4,196,449.92|295769|CHEQUE RECIBIDO SBC POR SERVICIO DE DEPOSITOS REMOTOS, BCO. 143 CTA. 00000394696 NO.CHEQUE 0000174, REFERENCIA:
0004686365|23/07/2013|0000000000|DEP. REMOTO CH. SBC 0000356|006|4543|$999.00|$0.00|$4,197,448.92|295770|CHEQUE RECIBIDO SBC POR SERVICIO DE DEPOSITOS REMOTOS, BCO. 044 CTA. 00102529022 NO.CHEQUE 0000356, REFERENCIA:
0004686365|23/07/2013|0000000000|DEP. REMOTO CH. SBC 0000731|006|4543|$999.00|$0.00|$4,198,447.92|295771|CHEQUE RECIBIDO SBC POR SERVICIO DE DEPOSITOS REMOTOS, BCO. 044 CTA. 00101875078 NO.CHEQUE 0000731, REFERENCIA:
0004686365|23/07/2013|0000000000|DEP. REMOTO CH. SBC 0000165|006|4543|$9,000.00|$0.00|$4,207,447.92|295772|CHEQUE RECIBIDO SBC POR SERVICIO DE DEPOSITOS REMOTOS, BCO. 044 CTA. 00100717561 NO.CHEQUE 0000165, REFERENCIA:
0004686365|23/07/2013|0000000000|DEP. REMOTO CH. SBC 0001415|006|4543|$2,196.40|$0.00|$4,209,644.32|295773|CHEQUE RECIBIDO SBC POR SERVICIO DE DEPOSITOS REMOTOS, BCO. 032 CTA. 00016833244 NO.CHEQUE 0001415, REFERENCIA:
0004686365|23/07/2013|0000000000|DEP. REMOTO CH. SBC 0001108|006|4543|$2,584.00|$0.00|$4,212,228.32|295774|CHEQUE RECIBIDO SBC POR SERVICIO DE DEPOSITOS REMOTOS, BCO. 032 CTA. 00017314402 NO.CHEQUE 0001108, REFERENCIA:
0004686365|23/07/2013|0000000000|DEP. REMOTO CH. SBC 0004230|006|4543|$4,166.70|$0.00|$4,216,395.02|295775|CHEQUE RECIBIDO SBC POR SERVICIO DE DEPOSITOS REMOTOS, BCO. 032 CTA. 00014888963 NO.CHEQUE 0004230, REFERENCIA:
0004686365|23/07/2013|0000000000|DEP. REMOTO CH. SBC 9790771|006|4543|$7,992.00|$0.00|$4,224,387.02|295776|CHEQUE RECIBIDO SBC POR SERVICIO DE DEPOSITOS REMOTOS, BCO. 032 CTA. 00013429566 NO.CHEQUE 9790771, REFERENCIA:
0004686365|23/07/2013|0000000000|DEPOSITO REMOTO CHQS.BANORTE|080|4543|$500.00|$0.00|$4,224,887.02|295777|TOTAL DE          1 CHEQUES BANORTE RECIBIDOS, POR SERVICIO DE DEPOSITOS REMOTOS., REFERENCIA: 000000003220713
0004686365|23/07/2013|0000000000|DEPOSITO REMOTO CHQS.BANORTE|080|4543|$1,500.00|$0.00|$4,226,387.02|295778|TOTAL DE          2 CHEQUES BANORTE RECIBIDOS, POR SERVICIO DE DEPOSITOS REMOTOS., REFERENCIA: 000000001220713
0004686365|23/07/2013|0000000000|DEPOSITO REMOTO CHQS.BANORTE|080|4543|$2,857.53|$0.00|$4,229,244.55|295779|TOTAL DE          1 CHEQUES BANORTE RECIBIDOS, POR SERVICIO DE DEPOSITOS REMOTOS., REFERENCIA: 000000003220713
0004686365|23/07/2013|0000000000|DEPOSITO REMOTO CHQS.BANORTE|080|4543|$235,601.19|$0.00|$4,464,845.74|295780|TOTAL DE          3 CHEQUES BANORTE RECIBIDOS, POR SERVICIO DE DEPOSITOS REMOTOS., REFERENCIA: 000000002220713
0004686365|23/07/2013|0000000000|085900528820320437|003|5663|$49,163.79|$0.00|$4,514,009.53|295781|SPEI RECIBIDO DEL BANCO 0002, DEL CLIENTE GAS METROPOLITANO SA DE CV, DE LA CLABE 002180020842869349   CON RFC  GME540707CD1, CONCEPTO: DEP ELECT DEL DIA TRASP BTE CONCENTRADOR
0004686365|23/07/2013|0000000000|DEPOSITO CHQ.BANORTE 0001262|080|0004|$1,798.20|$0.00|$4,515,807.73|295782|DEPOSITO DE LA CUENTA : 0603955934
0004686365|23/07/2013|0000000000|DEPOSITO CHQ.BANORTE 0006486|080|0004|$18,359.74|$0.00|$4,534,167.47|295783|DEPOSITO DE LA CUENTA : 0103676551
0004686365|23/07/2013|0000000000|DEPOSITO EN EFECTIVO|000|0357|$4,553.00|$0.00|$4,538,720.47|295784|MEXICO
0004686365|23/07/2013|0023072013|TRASPASO A CUENTA PROPIA|790|8846|$0.00|$788,331.21|$3,750,389.26|295785|IVA:00000000.00    , A LA CUENTA 0580295526, TRASPASO RECOLECTORA METRO AL R.F.C. GME540707CD1
0004686365|23/07/2013|0000000000|TR004 9700559|003|5663|$57,826.78|$0.00|$3,808,216.04|295786|SPEI RECIBIDO DEL BANCO 0014, DEL CLIENTE GAS METROPOLITANO SA DE CV, DE LA CLABE 014180655015916550   CON RFC GME540707CD1, CONCEPTO: TRASPASO METROPOLITANO SANTANDER 220713
0004686365|23/07/2013|0000000000|BNET01001307230000064238|003|5663|$42,349.66|$0.00|$3,850,565.70|295787|SPEI RECIBIDO DEL BANCO 0012, DEL CLIENTE GAS METROPOLITANO SA DE CV, DE LA CLABE 012180001543555987   CON RFC GME540707 CD1, CONCEPTO: TRASPASO BBVA A BNTE CONCENTRASORS
0004686365|23/07/2013|0000000000|HSBC029470|003|5663|$39,385.04|$0.00|$3,889,950.74|295788|SPEI RECIBIDO DEL BANCO 0021, DEL CLIENTE GAS METROPOLITANO  S A  DE C V, DE LA CLABE 021180040293499743   CON RFC 0GME540707CD1, CONCEPTO: TRASPASO DE LA CTA 974 DE HSBC DEPOSITOS
0004686365|23/07/2013|0023072013|TRASPASO A CUENTA PROPIA|790|8846|$0.00|$400,000.00|$3,489,950.74|295789|IVA:00000000.00    , A LA CUENTA 0559478361, TRASPASO PRESUPUESTO PROV AL R.F.C. GME540707CD1
0004686365|23/07/2013|0023072013|TRASPASO A CUENTA PROPIA|790|8846|$0.00|$1,400,000.00|$2,089,950.74|295790|IVA:00000000.00    , A LA CUENTA 0559478361, TRASPASO PRESUPUESTO PROV AL R.F.C. GME540707CD1
0004686365|24/07/2013|0000000000|3573979870|003|5663|$190,000.00|$0.00|$2,279,950.74|295791|SPEI RECIBIDO DEL BANCO 0044, DEL CLIENTE GAS METROPOLITANO SA DE CV, DE LA CLABE 044180001005708509   CON RFC RFC NO DISPONIBLE, CONCEPTO: TRASPASO CONCENTRADORA BANORTE
0004686365|24/07/2013|0000000000|DEP. REMOTO CH. SBC 0000186|006|4543|$1,451.88|$0.00|$2,281,402.62|295792|CHEQUE RECIBIDO SBC POR SERVICIO DE DEPOSITOS REMOTOS, BCO. 044 CTA. 00105231531 NO.CHEQUE 0000186, REFERENCIA:
0004686365|24/07/2013|0000000000|DEP. REMOTO CH. SBC 0001525|006|4543|$4,049.28|$0.00|$2,285,451.90|295793|CHEQUE RECIBIDO SBC POR SERVICIO DE DEPOSITOS REMOTOS, BCO. 044 CTA. 00100583162 NO.CHEQUE 0001525, REFERENCIA:
0004686365|24/07/2013|0000000000|DEP. REMOTO CH. SBC 0001526|006|4543|$3,956.04|$0.00|$2,289,407.94|295794|CHEQUE RECIBIDO SBC POR SERVICIO DE DEPOSITOS REMOTOS, BCO. 044 CTA. 00100583162 NO.CHEQUE 0001526, REFERENCIA:
0004686365|24/07/2013|0000000000|DEP. REMOTO CH. SBC 0000251|006|4543|$1,092.24|$0.00|$2,290,500.18|295795|CHEQUE RECIBIDO SBC POR SERVICIO DE DEPOSITOS REMOTOS, BCO. 032 CTA. 00015981479 NO.CHEQUE 0000251, REFERENCIA:
0004686365|24/07/2013|0000000000|DEP. REMOTO CH. SBC 0000146|006|4543|$1,378.62|$0.00|$2,291,878.80|295796|CHEQUE RECIBIDO SBC POR SERVICIO DE DEPOSITOS REMOTOS, BCO. 019 CTA. 00816022186 NO.CHEQUE 0000146, REFERENCIA:
0004686365|24/07/2013|0000000000|DEP. REMOTO CH. SBC 0000491|006|4543|$2,410.92|$0.00|$2,294,289.72|295797|CHEQUE RECIBIDO SBC POR SERVICIO DE DEPOSITOS REMOTOS, BCO. 044 CTA. 00106444938 NO.CHEQUE 0000491, REFERENCIA:
0004686365|24/07/2013|0000000000|DEP. REMOTO CH. SBC 0708468|006|4543|$7,072.92|$0.00|$2,301,362.64|295798|CHEQUE RECIBIDO SBC POR SERVICIO DE DEPOSITOS REMOTOS, BCO. 032 CTA. 00014989190 NO.CHEQUE 0708468, REFERENCIA:
0004686365|24/07/2013|0000000000|DEP. REMOTO CH. SBC 0000165|006|4543|$500.00|$0.00|$2,301,862.64|295799|CHEQUE RECIBIDO SBC POR SERVICIO DE DEPOSITOS REMOTOS, BCO. 036 CTA. 50009209207 NO.CHEQUE 0000165, REFERENCIA:
0004686365|24/07/2013|0000000000|DEP. REMOTO CH. SBC 0000771|006|4543|$1,100.00|$0.00|$2,302,962.64|295800|CHEQUE RECIBIDO SBC POR SERVICIO DE DEPOSITOS REMOTOS, BCO. 036 CTA. 11554340018 NO.CHEQUE 0000771, REFERENCIA:
0004686365|24/07/2013|0000000000|DEP. REMOTO CH. SBC 0000246|006|4543|$865.80|$0.00|$2,303,828.44|295801|CHEQUE RECIBIDO SBC POR SERVICIO DE DEPOSITOS REMOTOS, BCO. 036 CTA. 40127710475 NO.CHEQUE 0000246, REFERENCIA:
0004686365|24/07/2013|0000000000|DEP. REMOTO CH. SBC 0000002|006|4543|$1,010.00|$0.00|$2,304,838.44|295802|CHEQUE RECIBIDO SBC POR SERVICIO DE DEPOSITOS REMOTOS, BCO. 036 CTA. 50018830544 NO.CHEQUE 0000002, REFERENCIA:
0004686365|24/07/2013|0000000000|DEP. REMOTO CH. SBC 0000242|006|4543|$1,817.00|$0.00|$2,306,655.44|295803|CHEQUE RECIBIDO SBC POR SERVICIO DE DEPOSITOS REMOTOS, BCO. 036 CTA. 50006856735 NO.CHEQUE 0000242, REFERENCIA:
0004686365|24/07/2013|0000000000|DEP. REMOTO CH. SBC 0015643|006|4543|$3,880.00|$0.00|$2,310,535.44|295804|CHEQUE RECIBIDO SBC POR SERVICIO DE DEPOSITOS REMOTOS, BCO. 044 CTA. 00106852629 NO.CHEQUE 0015643, REFERENCIA:
0004686365|24/07/2013|0000000000|DEP. REMOTO CH. SBC 0000076|006|4543|$666.00|$0.00|$2,311,201.44|295805|CHEQUE RECIBIDO SBC POR SERVICIO DE DEPOSITOS REMOTOS, BCO. 030 CTA. 78468350201 NO.CHEQUE 0000076, REFERENCIA:
0004686365|24/07/2013|0000000000|DEP. REMOTO CH. SBC 0000162|006|4543|$1,500.00|$0.00|$2,312,701.44|295806|CHEQUE RECIBIDO SBC POR SERVICIO DE DEPOSITOS REMOTOS, BCO. 036 CTA. 50009209207 NO.CHEQUE 0000162, REFERENCIA:
0004686365|24/07/2013|0000000000|DEP. REMOTO CH. SBC 0863193|006|4543|$1,290.00|$0.00|$2,313,991.44|295807|CHEQUE RECIBIDO SBC POR SERVICIO DE DEPOSITOS REMOTOS, BCO. 032 CTA. 00016596668 NO.CHEQUE 0863193, REFERENCIA:
0004686365|24/07/2013|0000000000|DEP. REMOTO CH. SBC 0000293|006|4543|$19,695.00|$0.00|$2,333,686.44|295808|CHEQUE RECIBIDO SBC POR SERVICIO DE DEPOSITOS REMOTOS, BCO. 032 CTA. 00016124243 NO.CHEQUE 0000293, REFERENCIA:
0004686365|24/07/2013|0000000000|DEPOSITO REMOTO CHQS.BANORTE|080|4543|$10,692.59|$0.00|$2,344,379.03|295809|TOTAL DE          8 CHEQUES BANORTE RECIBIDOS, POR SERVICIO DE DEPOSITOS REMOTOS., REFERENCIA: 000000003230713
0004686365|24/07/2013|0000000000|DEPOSITO REMOTO CHQS.BANORTE|080|4543|$36,077.18|$0.00|$2,380,456.21|295810|TOTAL DE          6 CHEQUES BANORTE RECIBIDOS, POR SERVICIO DE DEPOSITOS REMOTOS., REFERENCIA: 000000002230713
0004686365|24/07/2013|0000000000|DEPOSITO CHQ.BANORTE 0000959|080|0004|$3,330.00|$0.00|$2,383,786.21|295811|DEPOSITO DE LA CUENTA : 0613675473
0004686365|24/07/2013|0000000000|DEPOSITO CHQ.BANORTE 0000446|080|0004|$5,396.82|$0.00|$2,389,183.03|295812|DEPOSITO DE LA CUENTA : 0519056651
0004686365|24/07/2013|0000000000|TR004 9821332|003|5663|$19,856.49|$0.00|$2,409,039.52|295813|SPEI RECIBIDO DEL BANCO 0014, DEL CLIENTE GAS METROPOLITANO SA DE CV, DE LA CLABE 014180655015916550   CON RFC GME540707CD1, CONCEPTO: TRASPASO METROPOLITANO SANTANDER 230713
0004686365|24/07/2013|0000000000|BNET01001307240000037464|003|5663|$76,788.22|$0.00|$2,485,827.74|295814|SPEI RECIBIDO DEL BANCO 0012, DEL CLIENTE GAS METROPOLITANO SA DE CV, DE LA CLABE 012180001543555987   CON RFC GME540707 CD1, CONCEPTO: TRASPASO BBVA A BNTE CONCENTRADORA
0004686365|24/07/2013|0000000000|BNET01001307240000038487|003|5663|$805,000.00|$0.00|$3,290,827.74|295815|SPEI RECIBIDO DEL BANCO 0012, DEL CLIENTE GAS METROPOLITANO SA DE CV, DE LA CLABE 012180001100072777   CON RFC GME540707 CD1, CONCEPTO: TRASPASO BBVA A BNTE CONCENTRADORA
0004686365|24/07/2013|0000000000|DEPOSITO CHQ.BANORTE 0003414|080|2338|$6,630.00|$0.00|$3,297,457.74|295816|DEPOSITO DE LA CUENTA : 0500862391
0004686365|24/07/2013|0024072013|TRASPASO A CUENTA PROPIA|790|8846|$0.00|$1,947,271.66|$1,350,186.08|295817|IVA:00000000.00    , A LA CUENTA 0580295526, TRASPASO RECOLECTORA METRO AL R.F.C. GME540707CD1
0004686365|24/07/2013|0000000000|DEPOSITO EN EFECTIVO|000|0357|$46,637.10|$0.00|$1,396,823.18|295818|MEXICO
0004686365|24/07/2013|0000000000|DEPOSITO EN EFECTIVO|000|0357|$680.00|$0.00|$1,397,503.18|295819|MEXICO
0004686365|24/07/2013|0000000000|DEPOSITO EN EFECTIVO|000|0357|$11,475.70|$0.00|$1,408,978.88|295820|MEXICO
0004686365|24/07/2013|0000000000|DEPOSITO EN EFECTIVO|000|0357|$17,976.80|$0.00|$1,426,955.68|295821|MEXICO
0004686365|24/07/2013|0000000000|085901031560320536|003|5663|$675,000.00|$0.00|$2,101,955.68|295822|SPEI RECIBIDO DEL BANCO 0002, DEL CLIENTE GAS METROPOLITANO SA DE CV, DE LA CLABE 002180020800108615   CON RFC  GME540707CD1, CONCEPTO: TRASPASO CONCENTRADORA BANORTE
0004686365|24/07/2013|0000000000|085901096980320534|003|5663|$161,057.64|$0.00|$2,263,013.32|295823|SPEI RECIBIDO DEL BANCO 0002, DEL CLIENTE GAS METROPOLITANO SA DE CV, DE LA CLABE 002180020842869349   CON RFC  GME540707CD1, CONCEPTO: DEP ELECT DEL DIA TRASP BTE CONCENTRADOR
0004686365|24/07/2013|0000000000|HSBC026424|003|5663|$73,898.23|$0.00|$2,336,911.55|295824|SPEI RECIBIDO DEL BANCO 0021, DEL CLIENTE GAS METROPOLITANO  S A  DE C V, DE LA CLABE 021180040293499743   CON RFC 0GME540707CD1, CONCEPTO: TRASPASO DE LA CTA 974 DE HSBC DEPOSITOS
0004686365|24/07/2013|0024072013|TRASPASO A CUENTA PROPIA|790|8846|$0.00|$150,000.00|$2,186,911.55|295825|IVA:00000000.00    , A LA CUENTA 0559478361, TRASPASO PRESUPUESTO PROV AL R.F.C. GME540707CD1
0004686365|25/07/2013|0000000000|COM. X CHEQ. SERV DEP. REMOTO|537|4543|$0.00|$683.00|$2,186,228.55|295826|COMISION POR CHEQUE DEL SERVICIO DE DEPOSITO REMOTO, NUM DE CHEQUES:         683, CUENTA DEL SERVICIO 0004686365  FECHA DE ALTA: 2010-10-13
0004686365|25/07/2013|0000000000|IVA SERVICIO DEPOSITOS REMOTOS|517|4543|$0.00|$109.28|$2,186,119.27|295827| 
0004686365|25/07/2013|0000000000|3573272992|003|5663|$105,000.00|$0.00|$2,291,119.27|295828|SPEI RECIBIDO DEL BANCO 0044, DEL CLIENTE GAS METROPOLITANO SA DE CV, DE LA CLABE 044180001005708509   CON RFC RFC NO DISPONIBLE, CONCEPTO: TRASPASO CONCENTRADORA BANORTE
0004686365|25/07/2013|0000000000|CHQ.LOC.000292|006|0004|$1,400.00|$0.00|$2,292,519.27|295829|BCO :0036 CTA. 0050012594860 NO.CHEQUE 0000000292
0004686365|25/07/2013|0000000000|DEPOSITO CHQ.BANORTE 0000024|080|0004|$1,100.00|$0.00|$2,293,619.27|295830|DEPOSITO DE LA CUENTA : 0870445808
0004686365|25/07/2013|0000000000|DEPOSITO CHQ.BANORTE 0001884|080|0004|$3,409.92|$0.00|$2,297,029.19|295831|DEPOSITO DE LA CUENTA : 0814565812
0004686365|25/07/2013|0000000000|CHQ.LOC.000155|006|0004|$1,165.50|$0.00|$2,298,194.69|295832|BCO :0036 CTA. 0050008363730 NO.CHEQUE 0000000155
0004686365|25/07/2013|0000000000|CHQ.LOC.297908|006|0004|$8,924.40|$0.00|$2,307,119.09|295833|BCO :0042 CTA. 0000270000487 NO.CHEQUE 0000297908
0004686365|25/07/2013|0000000000|CHQ.LOC.004914|006|0004|$5,562.09|$0.00|$2,312,681.18|295834|BCO :0044 CTA. 0000103846202 NO.CHEQUE 0000004914
0004686365|25/07/2013|0000000000|DEP. REMOTO CH. SBC 0000246|006|4543|$29,789.09|$0.00|$2,342,470.27|295835|CHEQUE RECIBIDO SBC POR SERVICIO DE DEPOSITOS REMOTOS, BCO. 030 CTA. 77504250201 NO.CHEQUE 0000246, REFERENCIA:
0004686365|25/07/2013|0000000000|DEP. REMOTO CH. SBC 0002868|006|4543|$999.08|$0.00|$2,343,469.35|295836|CHEQUE RECIBIDO SBC POR SERVICIO DE DEPOSITOS REMOTOS, BCO. 044 CTA. 00102497077 NO.CHEQUE 0002868, REFERENCIA:
0004686365|25/07/2013|0000000000|DEP. REMOTO CH. SBC 0392465|006|4543|$1,718.28|$0.00|$2,345,187.63|295837|CHEQUE RECIBIDO SBC POR SERVICIO DE DEPOSITOS REMOTOS, BCO. 032 CTA. 00014163195 NO.CHEQUE 0392465, REFERENCIA:
0004686365|25/07/2013|0000000000|DEP. REMOTO CH. SBC 9967234|006|4543|$3,636.36|$0.00|$2,348,823.99|295838|CHEQUE RECIBIDO SBC POR SERVICIO DE DEPOSITOS REMOTOS, BCO. 032 CTA. 00011219106 NO.CHEQUE 9967234, REFERENCIA:
0004686365|25/07/2013|0000000000|DEP. REMOTO CH. SBC 5740514|006|4543|$1,751.55|$0.00|$2,350,575.54|295839|CHEQUE RECIBIDO SBC POR SERVICIO DE DEPOSITOS REMOTOS, BCO. 032 CTA. 00011574658 NO.CHEQUE 5740514, REFERENCIA:
0004686365|25/07/2013|0000000000|DEP. REMOTO CH. SBC 0006864|006|4543|$1,458.54|$0.00|$2,352,034.08|295840|CHEQUE RECIBIDO SBC POR SERVICIO DE DEPOSITOS REMOTOS, BCO. 044 CTA. 00101279440 NO.CHEQUE 0006864, REFERENCIA:
0004686365|25/07/2013|0000000000|DEP. REMOTO CH. SBC 9611654|006|4543|$2,128.23|$0.00|$2,354,162.31|295841|CHEQUE RECIBIDO SBC POR SERVICIO DE DEPOSITOS REMOTOS, BCO. 032 CTA. 00012088102 NO.CHEQUE 9611654, REFERENCIA:
0004686365|25/07/2013|0000000000|DEP. REMOTO CH. SBC 0001237|006|4543|$1,378.62|$0.00|$2,355,540.93|295842|CHEQUE RECIBIDO SBC POR SERVICIO DE DEPOSITOS REMOTOS, BCO. 044 CTA. 00106587518 NO.CHEQUE 0001237, REFERENCIA:
0004686365|25/07/2013|0000000000|DEP. REMOTO CH. SBC 0001533|006|4543|$500.00|$0.00|$2,356,040.93|295843|CHEQUE RECIBIDO SBC POR SERVICIO DE DEPOSITOS REMOTOS, BCO. 044 CTA. 00104935772 NO.CHEQUE 0001533, REFERENCIA:
0004686365|25/07/2013|0000000000|DEP. REMOTO CH. SBC 0000163|006|4543|$500.00|$0.00|$2,356,540.93|295844|CHEQUE RECIBIDO SBC POR SERVICIO DE DEPOSITOS REMOTOS, BCO. 036 CTA. 50009209207 NO.CHEQUE 0000163, REFERENCIA:
0004686365|25/07/2013|0000000000|DEP. REMOTO CH. SBC 9789533|006|4543|$1,000.00|$0.00|$2,357,540.93|295845|CHEQUE RECIBIDO SBC POR SERVICIO DE DEPOSITOS REMOTOS, BCO. 042 CTA. 00008002487 NO.CHEQUE 9789533, REFERENCIA:
0004686365|25/07/2013|0000000000|DEP. REMOTO CH. SBC 0506890|006|4543|$2,465.00|$0.00|$2,360,005.93|295846|CHEQUE RECIBIDO SBC POR SERVICIO DE DEPOSITOS REMOTOS, BCO. 032 CTA. 00014459108 NO.CHEQUE 0506890, REFERENCIA:
0004686365|25/07/2013|0000000000|DEP. REMOTO CH. SBC 0002257|006|4543|$800.00|$0.00|$2,360,805.93|295847|CHEQUE RECIBIDO SBC POR SERVICIO DE DEPOSITOS REMOTOS, BCO. 044 CTA. 00102654792 NO.CHEQUE 0002257, REFERENCIA:
0004686365|25/07/2013|0000000000|DEP. REMOTO CH. SBC 0000848|006|4543|$850.00|$0.00|$2,361,655.93|295848|CHEQUE RECIBIDO SBC POR SERVICIO DE DEPOSITOS REMOTOS, BCO. 044 CTA. 00100652644 NO.CHEQUE 0000848, REFERENCIA:
0004686365|25/07/2013|0000000000|DEP. REMOTO CH. SBC 0000267|006|4543|$1,998.00|$0.00|$2,363,653.93|295849|CHEQUE RECIBIDO SBC POR SERVICIO DE DEPOSITOS REMOTOS, BCO. 044 CTA. 00100284300 NO.CHEQUE 0000267, REFERENCIA:
0004686365|25/07/2013|0000000000|DEP. REMOTO CH. SBC 0000665|006|4543|$4,195.80|$0.00|$2,367,849.73|295850|CHEQUE RECIBIDO SBC POR SERVICIO DE DEPOSITOS REMOTOS, BCO. 032 CTA. 00017123593 NO.CHEQUE 0000665, REFERENCIA:
0004686365|25/07/2013|0000000000|DEPOSITO REMOTO CHQS.BANORTE|080|4543|$500.00|$0.00|$2,368,349.73|295851|TOTAL DE          1 CHEQUES BANORTE RECIBIDOS, POR SERVICIO DE DEPOSITOS REMOTOS., REFERENCIA: 000000001240713
0004686365|25/07/2013|0000000000|DEPOSITO REMOTO CHQS.BANORTE|080|4543|$705.96|$0.00|$2,369,055.69|295852|TOTAL DE          1 CHEQUES BANORTE RECIBIDOS, POR SERVICIO DE DEPOSITOS REMOTOS., REFERENCIA: 000000007240713
0004686365|25/07/2013|0000000000|DEPOSITO REMOTO CHQS.BANORTE|080|4543|$1,665.00|$0.00|$2,370,720.69|295853|TOTAL DE          1 CHEQUES BANORTE RECIBIDOS, POR SERVICIO DE DEPOSITOS REMOTOS., REFERENCIA: 000000003240713
0004686365|25/07/2013|0000000000|DEPOSITO REMOTO CHQS.BANORTE|080|4543|$2,500.00|$0.00|$2,373,220.69|295854|TOTAL DE          2 CHEQUES BANORTE RECIBIDOS, POR SERVICIO DE DEPOSITOS REMOTOS., REFERENCIA: 000000007240713
0004686365|25/07/2013|0000000000|DEPOSITO REMOTO CHQS.BANORTE|080|4543|$5,000.00|$0.00|$2,378,220.69|295855|TOTAL DE          1 CHEQUES BANORTE RECIBIDOS, POR SERVICIO DE DEPOSITOS REMOTOS., REFERENCIA: 000000003270713
0004686365|25/07/2013|0000000000|TR004 9084333|003|5663|$75,887.05|$0.00|$2,454,107.74|295856|SPEI RECIBIDO DEL BANCO 0014, DEL CLIENTE GAS METROPOLITANO SA DE CV, DE LA CLABE 014180655015916550   CON RFC GME540707CD1, CONCEPTO: TRASPASO METROPOLITANO SANTANDER 240713
0004686365|25/07/2013|0000000000|BNET01001307250000069294|003|5663|$79,077.13|$0.00|$2,533,184.87|295857|SPEI RECIBIDO DEL BANCO 0012, DEL CLIENTE GAS METROPOLITANO SA DE CV, DE LA CLABE 012180001543555987   CON RFC GME540707 CD1, CONCEPTO: TRASPASO BBVA A BNTE CONCENTRADORA
0004686365|25/07/2013|0000000000|085901107060320633|003|5663|$126,034.40|$0.00|$2,659,219.27|295858|SPEI RECIBIDO DEL BANCO 0002, DEL CLIENTE GAS METROPOLITANO SA DE CV, DE LA CLABE 002180020842869349   CON RFC  GME540707CD1, CONCEPTO: DEP ELECT DEL DIA TRASP BTE CONCENTRADOR
0004686365|25/07/2013|0000000000|BNET01001307250000070653|003|5663|$635,000.00|$0.00|$3,294,219.27|295859|SPEI RECIBIDO DEL BANCO 0012, DEL CLIENTE GAS METROPOLITANO SA DE CV, DE LA CLABE 012180001100072777   CON RFC GME540707 CD1, CONCEPTO: TRASPASO BBVA A BNTE CONCENTRADORA
0004686365|25/07/2013|0000000000|DEPOSITO EN EFECTIVO|000|0357|$3,990.70|$0.00|$3,298,209.97|295860|REF. 000000044006256 MEXICO
0004686365|25/07/2013|0025072013|TRASPASO A CUENTA PROPIA|790|8846|$0.00|$869,000.00|$2,429,209.97|295861|IVA:00000000.00    , A LA CUENTA 0559478361, TRASPASO PRESUPUESTO NOMINA AL R.F.C. GME540707CD1
0004686365|25/07/2013|0000250713|DEPOSITO DE CUENTA PROPIA|262|8846|$680,000.00|$0.00|$3,109,209.97|295862|DE LA CUENTA 0662334059, TRASPASO CARB A CONCENTRADORA
0004686365|25/07/2013|0000250713|DEPOSITO DE CUENTA PROPIA|262|8846|$85,000.00|$0.00|$3,194,209.97|295863|DE LA CUENTA 0526140549, TRASPASO REF A CONCENTRADORA
0004686365|25/07/2013|0000250713|DEPOSITO DE CUENTA PROPIA|262|8846|$1,075,000.00|$0.00|$4,269,209.97|295864|DE LA CUENTA 0515492550, TRASPASO TPV A CONCENTRADORA
0004686365|25/07/2013|0000000000|HSBC027421|003|5663|$38,840.69|$0.00|$4,308,050.66|295865|SPEI RECIBIDO DEL BANCO 0021, DEL CLIENTE GAS METROPOLITANO  S A  DE C V, DE LA CLABE 021180040293499743   CON RFC 0GME540707CD1, CONCEPTO: TRASPASO DE LA CTA 974 DE HSBC DEPOSITOS
0004686365|25/07/2013|0025072013|TRASPASO A CUENTA PROPIA|790|8846|$0.00|$1,857,727.10|$2,450,323.56|295866|IVA:00000000.00    , A LA CUENTA 0580295526, TRASPASO RECOLECTORA METRO AL R.F.C. GME540707CD1
0004686365|25/07/2013|0000000000|085901638510320633|003|5663|$700,000.00|$0.00|$3,150,323.56|295867|SPEI RECIBIDO DEL BANCO 0002, DEL CLIENTE GAS METROPOLITANO SA DE CV, DE LA CLABE 002180020800108615   CON RFC  GME540707CD1, CONCEPTO: TRASPASO CONCENTRADORA BANORTE
0004686365|25/07/2013|0000000000|INVERSION MDD|591|8100|$0.00|$2,000,000.00|$1,150,323.56|295868|CTO 0098937331 25/07
0004686365|25/07/2013|0025072013|TRASPASO A CUENTA PROPIA|790|8846|$0.00|$700,000.00|$450,323.56|295869|IVA:00000000.00    , A LA CUENTA 0559478361, TRASPASO PRESUPUESTO PROV AL R.F.C. GME540707CD1
0004686365|26/07/2013|0000000000|VENC. CAP. MDD|092|8100|$2,000,000.00|$0.00|$2,450,323.56|295870|CONTRATO 0098937331 FOLIO 28959600 26/07
0004686365|26/07/2013|0000000000|INTERES MDD|093|8100|$97.22|$0.00|$2,450,420.78|295871|CONTRATO 0098937331 FOLIO 28959600 26/07
0004686365|26/07/2013|0000000000|Impuesto Sobre la Renta|592|8100|$0.00|$32.88|$2,450,387.90|295872|CONTRATO 0098937331 FOLIO 28959600 26/07
0004686365|26/07/2013|0000000000|3573579175|003|5663|$85,000.00|$0.00|$2,535,387.90|295873|SPEI RECIBIDO DEL BANCO 0044, DEL CLIENTE GAS METROPOLITANO SA DE CV, DE LA CLABE 044180001005708509   CON RFC RFC NO DISPONIBLE, CONCEPTO: TRASPASO CONCENTRADORA BANORTE
0004686365|26/07/2013|0000000000|DEP. REMOTO CH. SBC 0000753|006|4543|$2,274.09|$0.00|$2,537,661.99|295874|CHEQUE RECIBIDO SBC POR SERVICIO DE DEPOSITOS REMOTOS, BCO. 036 CTA. 16003030010 NO.CHEQUE 0000753, REFERENCIA:
0004686365|26/07/2013|0000000000|DEP. REMOTO CH. SBC 0000428|006|4543|$1,498.58|$0.00|$2,539,160.57|295875|CHEQUE RECIBIDO SBC POR SERVICIO DE DEPOSITOS REMOTOS, BCO. 032 CTA. 00015967875 NO.CHEQUE 0000428, REFERENCIA:
0004686365|26/07/2013|0000000000|DEP. REMOTO CH. SBC 0000373|006|4543|$872.46|$0.00|$2,540,033.03|295876|CHEQUE RECIBIDO SBC POR SERVICIO DE DEPOSITOS REMOTOS, BCO. 032 CTA. 00016160002 NO.CHEQUE 0000373, REFERENCIA:
0004686365|26/07/2013|0000000000|DEP. REMOTO CH. SBC 0000009|006|4543|$7,732.26|$0.00|$2,547,765.29|295877|CHEQUE RECIBIDO SBC POR SERVICIO DE DEPOSITOS REMOTOS, BCO. 032 CTA. 00017438977 NO.CHEQUE 0000009, REFERENCIA:
0004686365|26/07/2013|0000000000|DEP. REMOTO CH. SBC 0001952|006|4543|$959.04|$0.00|$2,548,724.33|295878|CHEQUE RECIBIDO SBC POR SERVICIO DE DEPOSITOS REMOTOS, BCO. 044 CTA. 00105003229 NO.CHEQUE 0001952, REFERENCIA:
0004686365|26/07/2013|0000000000|DEP. REMOTO CH. SBC 0000010|006|4543|$7,605.72|$0.00|$2,556,330.05|295879|CHEQUE RECIBIDO SBC POR SERVICIO DE DEPOSITOS REMOTOS, BCO. 032 CTA. 00017438977 NO.CHEQUE 0000010, REFERENCIA:
0004686365|26/07/2013|0000000000|DEP. REMOTO CH. SBC 0002333|006|4543|$5,698.00|$0.00|$2,562,028.05|295880|CHEQUE RECIBIDO SBC POR SERVICIO DE DEPOSITOS REMOTOS, BCO. 032 CTA. 00015732924 NO.CHEQUE 0002333, REFERENCIA:
0004686365|26/07/2013|0000000000|DEP. REMOTO CH. SBC 0003478|006|4543|$1,998.00|$0.00|$2,564,026.05|295881|CHEQUE RECIBIDO SBC POR SERVICIO DE DEPOSITOS REMOTOS, BCO. 037 CTA. 00300047244 NO.CHEQUE 0003478, REFERENCIA:
0004686365|26/07/2013|0000000000|DEP. REMOTO CH. SBC 0000531|006|4543|$400.00|$0.00|$2,564,426.05|295882|CHEQUE RECIBIDO SBC POR SERVICIO DE DEPOSITOS REMOTOS, BCO. 044 CTA. 00104924282 NO.CHEQUE 0000531, REFERENCIA:
0004686365|26/07/2013|0000000000|DEP. REMOTO CH. SBC 0000115|006|4543|$400.00|$0.00|$2,564,826.05|295883|CHEQUE RECIBIDO SBC POR SERVICIO DE DEPOSITOS REMOTOS, BCO. 044 CTA. 00104772679 NO.CHEQUE 0000115, REFERENCIA:
0004686365|26/07/2013|0000000000|DEP. REMOTO CH. SBC 0000200|006|4543|$499.50|$0.00|$2,565,325.55|295884|CHEQUE RECIBIDO SBC POR SERVICIO DE DEPOSITOS REMOTOS, BCO. 044 CTA. 00101513977 NO.CHEQUE 0000200, REFERENCIA:
0004686365|26/07/2013|0000000000|DEP. REMOTO CH. SBC 0000300|006|4543|$800.00|$0.00|$2,566,125.55|295885|CHEQUE RECIBIDO SBC POR SERVICIO DE DEPOSITOS REMOTOS, BCO. 044 CTA. 00102565978 NO.CHEQUE 0000300, REFERENCIA:
0004686365|26/07/2013|0000000000|DEP. REMOTO CH. SBC 0000096|006|4543|$1,500.00|$0.00|$2,567,625.55|295886|CHEQUE RECIBIDO SBC POR SERVICIO DE DEPOSITOS REMOTOS, BCO. 036 CTA. 50014472257 NO.CHEQUE 0000096, REFERENCIA:
0004686365|26/07/2013|0000000000|DEP. REMOTO CH. SBC 0000635|006|4543|$4,500.00|$0.00|$2,572,125.55|295887|CHEQUE RECIBIDO SBC POR SERVICIO DE DEPOSITOS REMOTOS, BCO. 036 CTA. 50000967596 NO.CHEQUE 0000635, REFERENCIA:
0004686365|26/07/2013|0000000000|DEP. REMOTO CH. SBC 4720563|006|4543|$700.00|$0.00|$2,572,825.55|295888|CHEQUE RECIBIDO SBC POR SERVICIO DE DEPOSITOS REMOTOS, BCO. 032 CTA. 00010815988 NO.CHEQUE 4720563, REFERENCIA:
0004686365|26/07/2013|0000000000|DEP. REMOTO CH. SBC 0000456|006|4543|$12,066.60|$0.00|$2,584,892.15|295889|CHEQUE RECIBIDO SBC POR SERVICIO DE DEPOSITOS REMOTOS, BCO. 032 CTA. 00015236218 NO.CHEQUE 0000456, REFERENCIA:
0004686365|26/07/2013|0000000000|DEPOSITO REMOTO CHQS.BANORTE|080|4543|$2,337.66|$0.00|$2,587,229.81|295890|TOTAL DE          1 CHEQUES BANORTE RECIBIDOS, POR SERVICIO DE DEPOSITOS REMOTOS., REFERENCIA: 000000003250713
0004686365|26/07/2013|0000000000|DEPOSITO REMOTO CHQS.BANORTE|080|4543|$48,572.57|$0.00|$2,635,802.38|295891|TOTAL DE         11 CHEQUES BANORTE RECIBIDOS, POR SERVICIO DE DEPOSITOS REMOTOS., REFERENCIA: 000000007250713
0004686365|26/07/2013|0000260713|TRASPASO A CUENTA PROPIA|790|8846|$0.00|$300,000.00|$2,335,802.38|295892|IVA:00000000.00    , A LA CUENTA 0559478361, TRASPASO PRESUPUESTO PROVEEDOR AL R.F.C. GME540707CD1
0004686365|26/07/2013|0000000000|DEPOSITO CHQ.BANORTE 0001125|080|0004|$1,240.00|$0.00|$2,337,042.38|295893|DEPOSITO DE LA CUENTA : 0178631745
0004686365|26/07/2013|0000000000|DEPOSITO CHQ.BANORTE 0003227|080|0004|$999.00|$0.00|$2,338,041.38|295894|DEPOSITO DE LA CUENTA : 0659479697
0004686365|26/07/2013|0000000000|DEP. C/CHEQ IXE      0000669|003|0004|$1,018.98|$0.00|$2,339,060.36|295895| 
0004686365|26/07/2013|0000000000|DEPOSITO EN EFECTIVO|000|0357|$52,122.30|$0.00|$2,391,182.66|295896|MEXICO
0004686365|26/07/2013|0000000000|085901176410320735|003|5663|$145,088.53|$0.00|$2,536,271.19|295897|SPEI RECIBIDO DEL BANCO 0002, DEL CLIENTE GAS METROPOLITANO SA DE CV, DE LA CLABE 002180020842869349   CON RFC  GME540707CD1, CONCEPTO: DEP ELECT DEL DIA TRASP BTE CONCENTRADOR
0004686365|26/07/2013|0026072013|DEPOSITO DE CUENTA PROPIA|262|8846|$220,000.00|$0.00|$2,756,271.19|295898|DE LA CUENTA 0682174338, PAGO CAPITAL NO EXHIBIDO
0004686365|26/07/2013|0026072013|DEPOSITO DE CUENTA PROPIA|262|8846|$220,000.00|$0.00|$2,976,271.19|295899|DE LA CUENTA 0682174347, PAGO CAPITAL NO EXHIBIDO
0004686365|26/07/2013|0026072013|DEPOSITO DE CUENTA PROPIA|262|8846|$220,000.00|$0.00|$3,196,271.19|295900|DE LA CUENTA 0685844212, PAGO CAPITAL NO EXHIBIDO
0004686365|26/07/2013|0026072013|DEPOSITO DE CUENTA PROPIA|262|8846|$220,000.00|$0.00|$3,416,271.19|295901|DE LA CUENTA 0682174329, PAGO CAPITAL NO EXHIBIDO
0004686365|26/07/2013|0026072013|DEPOSITO DE CUENTA PROPIA|262|8846|$220,000.00|$0.00|$3,636,271.19|295902|DE LA CUENTA 0682174310, PAGO CAPITAL NO EXHIBIDO
0004686365|26/07/2013|0026072013|TRASPASO A CUENTA PROPIA|790|8846|$0.00|$1,100,000.00|$2,536,271.19|295903|IVA:00000000.00    , A LA CUENTA 0559478361, TRASPASO PRESUPUESTO PROV AL R.F.C. GME540707CD1
0004686365|26/07/2013|0000000000|HSBC039343|003|5663|$202,786.35|$0.00|$2,739,057.54|295904|SPEI RECIBIDO DEL BANCO 0021, DEL CLIENTE GAS METROPOLITANO  S A  DE C V, DE LA CLABE 021180040293499743   CON RFC 0GME540707CD1, CONCEPTO: TRASPASO DE LA CTA 974 DE HSBC DEPOSITOS
0004686365|26/07/2013|0005082013|TRASPASO A CUENTA PROPIA|790|8846|$0.00|$3,878.58|$2,735,178.96|295905|IVA:00000000.00    , A LA CUENTA 0089348641, TRASPASO PAGO PEMEX AL R.F.C. GME540707CD1
0004686365|26/07/2013|0000000000|BNET01001307260000139287|003|5663|$300,460.22|$0.00|$3,035,639.18|295906|SPEI RECIBIDO DEL BANCO 0012, DEL CLIENTE GAS METROPOLITANO SA DE CV, DE LA CLABE 012180001543555987   CON RFC GME540707 CD1, CONCEPTO: TRASPASO BBVA A BNTE COCENTRADORA
0004686365|26/07/2013|0000000000|TR004 9368328|003|5663|$17,343.20|$0.00|$3,052,982.38|295907|SPEI RECIBIDO DEL BANCO 0014, DEL CLIENTE GAS METROPOLITANO SA DE CV, DE LA CLABE 014180655015916550   CON RFC GME540707CD1, CONCEPTO: TRASPASO METROPOLITANO SANTANDER 250713
0004686365|26/07/2013|0026072013|TRASPASO A CUENTA PROPIA|790|8846|$0.00|$110,281.89|$2,942,700.49|295908|IVA:00000000.00    , A LA CUENTA 0580295526, TRASPASO RECOLECTORA METRO AL R.F.C. GME540707CD1
0004686365|26/07/2013|0000000000|DEPOSITO EN EFECTIVO|000|0357|$15,257.70|$0.00|$2,957,958.19|295909|MEXICO
0004686365|29/07/2013|0000000000|DEV.CHEQUE LOCAL 0000000115|506|8068|$0.00|$400.00|$2,957,558.19|295910|FONDOS INSUFICIENTES
0004686365|29/07/2013|0000000000|3573472910|003|5663|$155,000.00|$0.00|$3,112,558.19|295911|SPEI RECIBIDO DEL BANCO 0044, DEL CLIENTE GAS METROPOLITANO SA DE CV, DE LA CLABE 044180001005708509   CON RFC RFC NO DISPONIBLE, CONCEPTO: TRASPASO CONCENTRADORA BANORTE
0004686365|29/07/2013|0029072013|DEPOSITO DE CUENTA PROPIA|262|8846|$405,000.00|$0.00|$3,517,558.19|295912|DE LA CUENTA 0662334059, TRASPASO ESTAC CARB A CONCENTR
0004686365|29/07/2013|0029072013|DEPOSITO DE CUENTA PROPIA|262|8846|$1,285,000.00|$0.00|$4,802,558.19|295913|DE LA CUENTA 0515492550, TRASPASO TPV A CONCENTRADORA
0004686365|29/07/2013|0029072013|DEPOSITO DE CUENTA PROPIA|262|8846|$42,000.00|$0.00|$4,844,558.19|295914|DE LA CUENTA 0526140549, TRASPASO REF A CONCENTRADORA
0004686365|29/07/2013|0000000000|DEPOSITO EN EFECTIVO|000|0357|$2,200.00|$0.00|$4,846,758.19|295915|MEXICO
0004686365|29/07/2013|0000000000|DEPOSITO EN EFECTIVO|000|0357|$21,512.90|$0.00|$4,868,271.09|295916|MEXICO
0004686365|29/07/2013|0000000000|DEPOSITO EN EFECTIVO|000|0357|$9,272.00|$0.00|$4,877,543.09|295917|MEXICO
0004686365|29/07/2013|0000000000|DEPOSITO EN EFECTIVO|000|0357|$26,134.00|$0.00|$4,903,677.09|295918|MEXICO
0004686365|29/07/2013|0000000000|DEP. REMOTO CH. SBC 0000280|006|4543|$1,478.49|$0.00|$4,905,155.58|295919|CHEQUE RECIBIDO SBC POR SERVICIO DE DEPOSITOS REMOTOS, BCO. 030 CTA. 50307880201 NO.CHEQUE 0000280, REFERENCIA:
0004686365|29/07/2013|0000000000|DEP. REMOTO CH. SBC 8755284|006|4543|$785.88|$0.00|$4,905,941.46|295920|CHEQUE RECIBIDO SBC POR SERVICIO DE DEPOSITOS REMOTOS, BCO. 032 CTA. 00011009128 NO.CHEQUE 8755284, REFERENCIA:
0004686365|29/07/2013|0000000000|DEP. REMOTO CH. SBC 9918565|006|4543|$8,618.96|$0.00|$4,914,560.42|295921|CHEQUE RECIBIDO SBC POR SERVICIO DE DEPOSITOS REMOTOS, BCO. 032 CTA. 00013178806 NO.CHEQUE 9918565, REFERENCIA:
0004686365|29/07/2013|0000000000|DEP. REMOTO CH. SBC 7542093|006|4543|$1,724.95|$0.00|$4,916,285.37|295922|CHEQUE RECIBIDO SBC POR SERVICIO DE DEPOSITOS REMOTOS, BCO. 032 CTA. 00011912383 NO.CHEQUE 7542093, REFERENCIA:
0004686365|29/07/2013|0000000000|DEP. REMOTO CH. SBC 0000051|006|4543|$852.45|$0.00|$4,917,137.82|295923|CHEQUE RECIBIDO SBC POR SERVICIO DE DEPOSITOS REMOTOS, BCO. 044 CTA. 00106289657 NO.CHEQUE 0000051, REFERENCIA:
0004686365|29/07/2013|0000000000|DEP. REMOTO CH. SBC 0000147|006|4543|$9,799.14|$0.00|$4,926,936.96|295924|CHEQUE RECIBIDO SBC POR SERVICIO DE DEPOSITOS REMOTOS, BCO. 030 CTA. 77504250201 NO.CHEQUE 0000147, REFERENCIA:
0004686365|29/07/2013|0000000000|DEP. REMOTO CH. SBC 0002941|006|4543|$1,358.64|$0.00|$4,928,295.60|295925|CHEQUE RECIBIDO SBC POR SERVICIO DE DEPOSITOS REMOTOS, BCO. 044 CTA. 00109743693 NO.CHEQUE 0002941, REFERENCIA:
0004686365|29/07/2013|0000000000|DEP. REMOTO CH. SBC 0001705|006|4543|$2,577.42|$0.00|$4,930,873.02|295926|CHEQUE RECIBIDO SBC POR SERVICIO DE DEPOSITOS REMOTOS, BCO. 044 CTA. 00107010672 NO.CHEQUE 0001705, REFERENCIA:
0004686365|29/07/2013|0000000000|DEP. REMOTO CH. SBC 0007377|006|4543|$2,610.72|$0.00|$4,933,483.74|295927|CHEQUE RECIBIDO SBC POR SERVICIO DE DEPOSITOS REMOTOS, BCO. 044 CTA. 00102848546 NO.CHEQUE 0007377, REFERENCIA:
0004686365|29/07/2013|0000000000|DEP. REMOTO CH. SBC 0004916|006|4543|$2,111.22|$0.00|$4,935,594.96|295928|CHEQUE RECIBIDO SBC POR SERVICIO DE DEPOSITOS REMOTOS, BCO. 032 CTA. 00012378542 NO.CHEQUE 0004916, REFERENCIA:
0004686365|29/07/2013|0000000000|DEP. REMOTO CH. SBC 9918622|006|4543|$6,344.91|$0.00|$4,941,939.87|295929|CHEQUE RECIBIDO SBC POR SERVICIO DE DEPOSITOS REMOTOS, BCO. 032 CTA. 00013178792 NO.CHEQUE 9918622, REFERENCIA:
0004686365|29/07/2013|0000000000|DEP. REMOTO CH. SBC 0000527|006|4543|$1,312.00|$0.00|$4,943,251.87|295930|CHEQUE RECIBIDO SBC POR SERVICIO DE DEPOSITOS REMOTOS, BCO. 036 CTA. 50013922090 NO.CHEQUE 0000527, REFERENCIA:
0004686365|29/07/2013|0000000000|DEP. REMOTO CH. SBC 4261103|006|4543|$700.00|$0.00|$4,943,951.87|295931|CHEQUE RECIBIDO SBC POR SERVICIO DE DEPOSITOS REMOTOS, BCO. 032 CTA. 80008378721 NO.CHEQUE 4261103, REFERENCIA:
0004686365|29/07/2013|0000000000|DEP. REMOTO CH. SBC 0000146|006|4543|$1,805.00|$0.00|$4,945,756.87|295932|CHEQUE RECIBIDO SBC POR SERVICIO DE DEPOSITOS REMOTOS, BCO. 032 CTA. 00017128692 NO.CHEQUE 0000146, REFERENCIA:
0004686365|29/07/2013|0000000000|DEP. REMOTO CH. SBC 0001367|006|4543|$500.00|$0.00|$4,946,256.87|295933|CHEQUE RECIBIDO SBC POR SERVICIO DE DEPOSITOS REMOTOS, BCO. 044 CTA. 00103784649 NO.CHEQUE 0001367, REFERENCIA:
0004686365|29/07/2013|0000000000|DEP. REMOTO CH. SBC 0001685|006|4543|$4,000.00|$0.00|$4,950,256.87|295934|CHEQUE RECIBIDO SBC POR SERVICIO DE DEPOSITOS REMOTOS, BCO. 044 CTA. 00107323832 NO.CHEQUE 0001685, REFERENCIA:
0004686365|29/07/2013|0000000000|DEP. REMOTO CH. SBC 0000728|006|4543|$799.20|$0.00|$4,951,056.07|295935|CHEQUE RECIBIDO SBC POR SERVICIO DE DEPOSITOS REMOTOS, BCO. 044 CTA. 00106815200 NO.CHEQUE 0000728, REFERENCIA:
0004686365|29/07/2013|0000000000|DEP. REMOTO CH. SBC 0001178|006|4543|$4,000.00|$0.00|$4,955,056.07|295936|CHEQUE RECIBIDO SBC POR SERVICIO DE DEPOSITOS REMOTOS, BCO. 030 CTA. 58201130101 NO.CHEQUE 0001178, REFERENCIA:
0004686365|29/07/2013|0000000000|DEP. REMOTO CH. SBC 7542897|006|4543|$1,465.00|$0.00|$4,956,521.07|295937|CHEQUE RECIBIDO SBC POR SERVICIO DE DEPOSITOS REMOTOS, BCO. 032 CTA. 00012534137 NO.CHEQUE 7542897, REFERENCIA:
0004686365|29/07/2013|0000000000|DEP. REMOTO CH. SBC 0000019|006|4543|$10,200.00|$0.00|$4,966,721.07|295938|CHEQUE RECIBIDO SBC POR SERVICIO DE DEPOSITOS REMOTOS, BCO. 032 CTA. 08001251676 NO.CHEQUE 0000019, REFERENCIA:
0004686365|29/07/2013|0000000000|DEP. REMOTO CH. SBC 0000398|006|4543|$2,158.00|$0.00|$4,968,879.07|295939|CHEQUE RECIBIDO SBC POR SERVICIO DE DEPOSITOS REMOTOS, BCO. 044 CTA. 00109032363 NO.CHEQUE 0000398, REFERENCIA:
0004686365|29/07/2013|0000000000|DEP. REMOTO CH. SBC 0001604|006|4543|$2,760.40|$0.00|$4,971,639.47|295940|CHEQUE RECIBIDO SBC POR SERVICIO DE DEPOSITOS REMOTOS, BCO. 032 CTA. 00016308948 NO.CHEQUE 0001604, REFERENCIA:
0004686365|29/07/2013|0000000000|DEP. REMOTO CH. SBC 0004915|006|4543|$4,195.80|$0.00|$4,975,835.27|295941|CHEQUE RECIBIDO SBC POR SERVICIO DE DEPOSITOS REMOTOS, BCO. 032 CTA. 00012378542 NO.CHEQUE 0004915, REFERENCIA:
0004686365|29/07/2013|0000000000|DEP. REMOTO CH. SBC 9866466|006|4543|$1,065.60|$0.00|$4,976,900.87|295942|CHEQUE RECIBIDO SBC POR SERVICIO DE DEPOSITOS REMOTOS, BCO. 032 CTA. 00010299076 NO.CHEQUE 9866466, REFERENCIA:
0004686365|29/07/2013|0000000000|DEP. REMOTO CH. SBC 8786982|006|4543|$600.00|$0.00|$4,977,500.87|295943|CHEQUE RECIBIDO SBC POR SERVICIO DE DEPOSITOS REMOTOS, BCO. 032 CTA. 00013161091 NO.CHEQUE 8786982, REFERENCIA:
0004686365|29/07/2013|0000000000|DEP. REMOTO CH. SBC 0000334|006|4543|$732.00|$0.00|$4,978,232.87|295944|CHEQUE RECIBIDO SBC POR SERVICIO DE DEPOSITOS REMOTOS, BCO. 044 CTA. 00103291146 NO.CHEQUE 0000334, REFERENCIA:
0004686365|29/07/2013|0000000000|DEP. REMOTO CH. SBC 0004540|006|4543|$899.00|$0.00|$4,979,131.87|295945|CHEQUE RECIBIDO SBC POR SERVICIO DE DEPOSITOS REMOTOS, BCO. 044 CTA. 00100648329 NO.CHEQUE 0004540, REFERENCIA:
0004686365|29/07/2013|0000000000|DEP. REMOTO CH. SBC 0000284|006|4543|$1,020.00|$0.00|$4,980,151.87|295946|CHEQUE RECIBIDO SBC POR SERVICIO DE DEPOSITOS REMOTOS, BCO. 044 CTA. 00105278708 NO.CHEQUE 0000284, REFERENCIA:
0004686365|29/07/2013|0000000000|DEP. REMOTO CH. SBC 0000065|006|4543|$500.00|$0.00|$4,980,651.87|295947|CHEQUE RECIBIDO SBC POR SERVICIO DE DEPOSITOS REMOTOS, BCO. 032 CTA. 00015707024 NO.CHEQUE 0000065, REFERENCIA:
0004686365|29/07/2013|0000000000|DEP. REMOTO CH. SBC 0000370|006|4543|$4,500.00|$0.00|$4,985,151.87|295948|CHEQUE RECIBIDO SBC POR SERVICIO DE DEPOSITOS REMOTOS, BCO. 032 CTA. 00016227263 NO.CHEQUE 0000370, REFERENCIA:
0004686365|29/07/2013|0000000000|DEP. REMOTO CH. SBC 0001829|006|4543|$599.40|$0.00|$4,985,751.27|295949|CHEQUE RECIBIDO SBC POR SERVICIO DE DEPOSITOS REMOTOS, BCO. 044 CTA. 00106763111 NO.CHEQUE 0001829, REFERENCIA:
0004686365|29/07/2013|0000000000|DEP. REMOTO CH. SBC 0000384|006|4543|$700.00|$0.00|$4,986,451.27|295950|CHEQUE RECIBIDO SBC POR SERVICIO DE DEPOSITOS REMOTOS, BCO. 044 CTA. 00101971824 NO.CHEQUE 0000384, REFERENCIA:
0004686365|29/07/2013|0000000000|DEP. REMOTO CH. SBC 0001378|006|4543|$1,370.00|$0.00|$4,987,821.27|295951|CHEQUE RECIBIDO SBC POR SERVICIO DE DEPOSITOS REMOTOS, BCO. 044 CTA. 00107236867 NO.CHEQUE 0001378, REFERENCIA:
0004686365|29/07/2013|0000000000|DEP. REMOTO CH. SBC 0000174|006|4543|$1,471.80|$0.00|$4,989,293.07|295952|CHEQUE RECIBIDO SBC POR SERVICIO DE DEPOSITOS REMOTOS, BCO. 044 CTA. 00103162249 NO.CHEQUE 0000174, REFERENCIA:
0004686365|29/07/2013|0000000000|DEP. REMOTO CH. SBC 0001951|006|4543|$1,505.00|$0.00|$4,990,798.07|295953|CHEQUE RECIBIDO SBC POR SERVICIO DE DEPOSITOS REMOTOS, BCO. 044 CTA. 00101908642 NO.CHEQUE 0001951, REFERENCIA:
0004686365|29/07/2013|0000000000|DEPOSITO REMOTO CHQS.BANORTE|080|4543|$3,403.06|$0.00|$4,994,201.13|295954|TOTAL DE          1 CHEQUES BANORTE RECIBIDOS, POR SERVICIO DE DEPOSITOS REMOTOS., REFERENCIA: 000000126072013
0004686365|29/07/2013|0000000000|DEPOSITO REMOTO CHQS.BANORTE|080|4543|$4,017.78|$0.00|$4,998,218.91|295955|TOTAL DE          2 CHEQUES BANORTE RECIBIDOS, POR SERVICIO DE DEPOSITOS REMOTOS., REFERENCIA: 000000726072013
0004686365|29/07/2013|0000000000|DEPOSITO REMOTO CHQS.BANORTE|080|4543|$27,934.04|$0.00|$5,026,152.95|295956|TOTAL DE          3 CHEQUES BANORTE RECIBIDOS, POR SERVICIO DE DEPOSITOS REMOTOS., REFERENCIA: 000000326072013
0004686365|29/07/2013|0000000000|DEPOSITO REMOTO CHQS.BANORTE|080|4543|$4,307.00|$0.00|$5,030,459.95|295957|TOTAL DE          3 CHEQUES BANORTE RECIBIDOS, POR SERVICIO DE DEPOSITOS REMOTOS., REFERENCIA: 000000727072013
0004686365|29/07/2013|0000000000|DEPOSITO REMOTO CHQS.BANORTE|080|4543|$12,320.52|$0.00|$5,042,780.47|295958|TOTAL DE          3 CHEQUES BANORTE RECIBIDOS, POR SERVICIO DE DEPOSITOS REMOTOS., REFERENCIA: 000000127072013
0004686365|29/07/2013|0000000000|DEPOSITO REMOTO CHQS.BANORTE|080|4543|$14,019.58|$0.00|$5,056,800.05|295959|TOTAL DE          4 CHEQUES BANORTE RECIBIDOS, POR SERVICIO DE DEPOSITOS REMOTOS., REFERENCIA: 000000327072013
0004686365|29/07/2013|0000290713|TRASPASO A CUENTA PROPIA|790|8846|$0.00|$3,641,829.74|$1,414,970.31|295960|IVA:00000000.00    , A LA CUENTA 0089348641, TRASPASO PAGO PEMEX AL R.F.C. GME540707CD1
0004686365|29/07/2013|0000000000|CHQ.LOC.003708|006|0004|$600.00|$0.00|$1,415,570.31|295961|BCO :0044 CTA. 0000103470547 NO.CHEQUE 0000003708
0004686365|29/07/2013|0000000000|DEPOSITO CHQ.BANORTE 0000045|080|0004|$400.00|$0.00|$1,415,970.31|295962|DEPOSITO DE LA CUENTA : 0828908975
0004686365|29/07/2013|0000000000|DEPOSITO CHQ.BANORTE 0000131|080|0004|$666.00|$0.00|$1,416,636.31|295963|DEPOSITO DE LA CUENTA : 8000006413
0004686365|29/07/2013|0000000000|DEPOSITO CHQ.BANORTE 0000769|080|0004|$1,125.00|$0.00|$1,417,761.31|295964|DEPOSITO DE LA CUENTA : 0199479577
0004686365|29/07/2013|0000000000|CHQ.LOC.001441|006|0004|$1,438.56|$0.00|$1,419,199.87|295965|BCO :0036 CTA. 0040124481432 NO.CHEQUE 0000001441
0004686365|29/07/2013|0000000000|DEP. C/CHEQ IXE|003|0004|$2,244.42|$0.00|$1,421,444.29|295966| 
0004686365|29/07/2013|0000000000|BNET01001307290000063318|003|5663|$945,000.00|$0.00|$2,366,444.29|295967|SPEI RECIBIDO DEL BANCO 0012, DEL CLIENTE GAS METROPOLITANO SA DE CV, DE LA CLABE 012180001100072777   CON RFC GME540707 CD1, CONCEPTO: TRASPASO BBVA  A BNTE CONCENTRADORA
0004686365|29/07/2013|0000000000|BNET01001307290000068033|003|5663|$53,719.31|$0.00|$2,420,163.60|295968|SPEI RECIBIDO DEL BANCO 0012, DEL CLIENTE GAS METROPOLITANO SA DE CV, DE LA CLABE 012180001543555987   CON RFC GME540707 CD1, CONCEPTO: TRASPASO BBVA A BTE CONCENTRADORA
0004686365|29/07/2013|0000000000|BNET01001307290000069425|003|5663|$31,147.65|$0.00|$2,451,311.25|295969|SPEI RECIBIDO DEL BANCO 0012, DEL CLIENTE GAS METROPOLITANO SA DE CV, DE LA CLABE 012180001543555987   CON RFC GME540707 CD1, CONCEPTO: TRASPASO BBVA A BNTE CONCENTRADORA
0004686365|29/07/2013|0029072013|TRASPASO A CUENTA PROPIA|790|8846|$0.00|$500,000.00|$1,951,311.25|295970|IVA:00000000.00    , A LA CUENTA 0559478361, TRASPASO PRESUPUESTO PROV AL R.F.C. GME540707CD1
0004686365|29/07/2013|0000290713|TRASPASO DE CTA :   0559478361|004|4264|$27,626.70|$0.00|$1,978,937.95|295971|DE CUENTA 0559478361, TERCEROS
0004686365|29/07/2013|0000000000|TR004 9552185|003|5663|$27,557.52|$0.00|$2,006,495.47|295972|SPEI RECIBIDO DEL BANCO 0014, DEL CLIENTE GAS METROPOLITANO SA DE CV, DE LA CLABE 014180655015916550   CON RFC GME540707CD1, CONCEPTO: TRASPASO METROPOLITANO SANTANDER 260713
0004686365|29/07/2013|0000000000|TR004 9552188|003|5663|$45,879.30|$0.00|$2,052,374.77|295973|SPEI RECIBIDO DEL BANCO 0014, DEL CLIENTE GAS METROPOLITANO SA DE CV, DE LA CLABE 014180655015916550   CON RFC GME540707CD1, CONCEPTO: TRASPASO METROPOLITANO SANTANDER 260713
0004686365|29/07/2013|0000000000|TR004 9555890|003|5663|$503,625.96|$0.00|$2,556,000.73|295974|SPEI RECIBIDO DEL BANCO 0014, DEL CLIENTE GAS METROPOLITANO SA DE CV, DE LA CLABE 014180655015916550   CON RFC GME540707CD1, CONCEPTO: TRASPASO METROPOLITANO SANTANDER CLIENTE
0004686365|29/07/2013|0000000000|085900068630221038|003|5663|$126,509.28|$0.00|$2,682,510.01|295975|SPEI RECIBIDO DEL BANCO 0002, DEL CLIENTE GAS METROPOLITANO SA DE CV, DE LA CLABE 002180020842869349   CON RFC  GME540707CD1, CONCEPTO: SPEUA
0004686365|29/07/2013|0029072013|TRASPASO A CUENTA PROPIA|790|8846|$0.00|$1,760,489.74|$922,020.27|295976|IVA:00000000.00    , A LA CUENTA 0580295526, TRASPASO RECOLECTORA METRO AL R.F.C. GME540707CD1
0004686365|29/07/2013|0000000000|085900068640221031|003|5663|$1,000,000.00|$0.00|$1,922,020.27|295977|SPEI RECIBIDO DEL BANCO 0002, DEL CLIENTE GAS METROPOLITANO SA DE CV, DE LA CLABE 002180020800108615   CON RFC  GME540707CD1, CONCEPTO: SPEUA
0004686365|29/07/2013|0000000000|HSBC040300|003|5663|$323,816.88|$0.00|$2,245,837.15|295978|SPEI RECIBIDO DEL BANCO 0021, DEL CLIENTE GAS METROPOLITANO  S A  DE C V, DE LA CLABE 021180040293499743   CON RFC 0GME540707CD1, CONCEPTO: TRASPASO DE LA CTA 974 DE HSBC DEPOSITOS
0004686365|29/07/2013|0029072013|TRASPASO A CUENTA PROPIA|790|8846|$0.00|$100,000.00|$2,145,837.15|295979|IVA:00000000.00    , A LA CUENTA 0559478361, TRASPASO PRESUPUESTO PROV AL R.F.C. GME540707CD1
0004686365|30/07/2013|0000000000|3573478821|003|5663|$175,000.00|$0.00|$2,320,837.15|295980|SPEI RECIBIDO DEL BANCO 0044, DEL CLIENTE GAS METROPOLITANO SA DE CV, DE LA CLABE 044180001005708509   CON RFC RFC NO DISPONIBLE, CONCEPTO: TRASPASO CONCENTRADORA BANORTE
0004686365|30/07/2013|0000000000|DEPOSITO CHQ.BANORTE 0000069|080|0004|$2,025.51|$0.00|$2,322,862.66|295981|DEPOSITO DE LA CUENTA : 0844460866
0004686365|30/07/2013|0000000000|DEP. C/CHEQ IXE      0000050|003|0004|$406.26|$0.00|$2,323,268.92|295982| 
0004686365|30/07/2013|0000000000|DEP. REMOTO CH. SBC 0000294|006|4543|$5,214.78|$0.00|$2,328,483.70|295983|CHEQUE RECIBIDO SBC POR SERVICIO DE DEPOSITOS REMOTOS, BCO. 036 CTA. 40127750337 NO.CHEQUE 0000294, REFERENCIA:
0004686365|30/07/2013|0000000000|DEP. REMOTO CH. SBC 0000263|006|4543|$306.36|$0.00|$2,328,790.06|295984|CHEQUE RECIBIDO SBC POR SERVICIO DE DEPOSITOS REMOTOS, BCO. 036 CTA. 40124287296 NO.CHEQUE 0000263, REFERENCIA:
0004686365|30/07/2013|0000000000|DEP. REMOTO CH. SBC 0000018|006|4543|$666.00|$0.00|$2,329,456.06|295985|CHEQUE RECIBIDO SBC POR SERVICIO DE DEPOSITOS REMOTOS, BCO. 044 CTA. 00103559192 NO.CHEQUE 0000018, REFERENCIA:
0004686365|30/07/2013|0000000000|DEP. REMOTO CH. SBC 0002887|006|4543|$1,000.00|$0.00|$2,330,456.06|295986|CHEQUE RECIBIDO SBC POR SERVICIO DE DEPOSITOS REMOTOS, BCO. 044 CTA. 00104776623 NO.CHEQUE 0002887, REFERENCIA:
0004686365|30/07/2013|0000000000|DEP. REMOTO CH. SBC 8102364|006|4543|$600.00|$0.00|$2,331,056.06|295987|CHEQUE RECIBIDO SBC POR SERVICIO DE DEPOSITOS REMOTOS, BCO. 032 CTA. 00011871954 NO.CHEQUE 8102364, REFERENCIA:
0004686365|30/07/2013|0000000000|DEP. REMOTO CH. SBC 9637706|006|4543|$700.00|$0.00|$2,331,756.06|295988|CHEQUE RECIBIDO SBC POR SERVICIO DE DEPOSITOS REMOTOS, BCO. 032 CTA. 00010438386 NO.CHEQUE 9637706, REFERENCIA:
0004686365|30/07/2013|0000000000|DEP. REMOTO CH. SBC 0824992|006|4543|$999.00|$0.00|$2,332,755.06|295989|CHEQUE RECIBIDO SBC POR SERVICIO DE DEPOSITOS REMOTOS, BCO. 032 CTA. 00016397762 NO.CHEQUE 0824992, REFERENCIA:
0004686365|30/07/2013|0000000000|DEP. REMOTO CH. SBC 0000922|006|4543|$1,865.00|$0.00|$2,334,620.06|295990|CHEQUE RECIBIDO SBC POR SERVICIO DE DEPOSITOS REMOTOS, BCO. 044 CTA. 00106466745 NO.CHEQUE 0000922, REFERENCIA:
0004686365|30/07/2013|0000000000|DEP. REMOTO CH. SBC 0001549|006|4543|$3,263.40|$0.00|$2,337,883.46|295991|CHEQUE RECIBIDO SBC POR SERVICIO DE DEPOSITOS REMOTOS, BCO. 036 CTA. 50006969335 NO.CHEQUE 0001549, REFERENCIA:
0004686365|30/07/2013|0000000000|DEP. REMOTO CH. SBC 0001550|006|4543|$3,463.20|$0.00|$2,341,346.66|295992|CHEQUE RECIBIDO SBC POR SERVICIO DE DEPOSITOS REMOTOS, BCO. 036 CTA. 50006969335 NO.CHEQUE 0001550, REFERENCIA:
0004686365|30/07/2013|0000000000|DEP. REMOTO CH. SBC 9426830|006|4543|$1,000.00|$0.00|$2,342,346.66|295993|CHEQUE RECIBIDO SBC POR SERVICIO DE DEPOSITOS REMOTOS, BCO. 032 CTA. 00010571302 NO.CHEQUE 9426830, REFERENCIA:
0004686365|30/07/2013|0000000000|DEP. REMOTO CH. SBC 0001387|006|4543|$4,111.80|$0.00|$2,346,458.46|295994|CHEQUE RECIBIDO SBC POR SERVICIO DE DEPOSITOS REMOTOS, BCO. 032 CTA. 00013468731 NO.CHEQUE 0001387, REFERENCIA:
0004686365|30/07/2013|0000000000|DEP. REMOTO CH. SBC 0004084|006|4543|$2,730.60|$0.00|$2,349,189.06|295995|CHEQUE RECIBIDO SBC POR SERVICIO DE DEPOSITOS REMOTOS, BCO. 044 CTA. 00107758960 NO.CHEQUE 0004084, REFERENCIA:
0004686365|30/07/2013|0000000000|DEP. REMOTO CH. SBC 0000182|006|4543|$3,596.40|$0.00|$2,352,785.46|295996|CHEQUE RECIBIDO SBC POR SERVICIO DE DEPOSITOS REMOTOS, BCO. 143 CTA. 00000394696 NO.CHEQUE 0000182, REFERENCIA:
0004686365|30/07/2013|0000000000|DEP. REMOTO CH. SBC 0002985|006|4543|$3,330.00|$0.00|$2,356,115.46|295997|CHEQUE RECIBIDO SBC POR SERVICIO DE DEPOSITOS REMOTOS, BCO. 036 CTA. 50008661441 NO.CHEQUE 0002985, REFERENCIA:
0004686365|30/07/2013|0000000000|DEP. REMOTO CH. SBC 9055859|006|4543|$1,431.90|$0.00|$2,357,547.36|295998|CHEQUE RECIBIDO SBC POR SERVICIO DE DEPOSITOS REMOTOS, BCO. 032 CTA. 00012026743 NO.CHEQUE 9055859, REFERENCIA:
0004686365|30/07/2013|0000000000|DEP. REMOTO CH. SBC 0001391|006|4543|$4,111.80|$0.00|$2,361,659.16|295999|CHEQUE RECIBIDO SBC POR SERVICIO DE DEPOSITOS REMOTOS, BCO. 032 CTA. 00013468731 NO.CHEQUE 0001391, REFERENCIA:
0004686365|30/07/2013|0000000000|DEPOSITO DE CUENTA PROPIA|262|8846|$405,000.00|$0.00|$2,766,659.16|296000|DE LA CUENTA 0515492550, Traspaso Tpv a Concentr
0004686365|30/07/2013|0000000000|DEPOSITO DE CUENTA PROPIA|262|8846|$35,000.00|$0.00|$2,801,659.16|296001|DE LA CUENTA 0526140549, Traspaso Ref a Concentr
0004686365|30/07/2013|0000000000|DEPOSITO DE CUENTA PROPIA|262|8846|$420,000.00|$0.00|$3,221,659.16|296002|DE LA CUENTA 0662334059, Traspaso Est Carb a Conc
0004686365|30/07/2013|0000000000|DEPOSITO REMOTO CHQS.BANORTE|080|4543|$1,500.00|$0.00|$3,223,159.16|296003|TOTAL DE          1 CHEQUES BANORTE RECIBIDOS, POR SERVICIO DE DEPOSITOS REMOTOS., REFERENCIA: 000000729072013
0004686365|30/07/2013|0000000000|DEPOSITO REMOTO CHQS.BANORTE|080|4543|$1,929.00|$0.00|$3,225,088.16|296004|TOTAL DE          2 CHEQUES BANORTE RECIBIDOS, POR SERVICIO DE DEPOSITOS REMOTOS., REFERENCIA: 000000729072013
0004686365|30/07/2013|0000000000|DEPOSITO REMOTO CHQS.BANORTE|080|4543|$109,283.13|$0.00|$3,334,371.29|296005|TOTAL DE          2 CHEQUES BANORTE RECIBIDOS, POR SERVICIO DE DEPOSITOS REMOTOS., REFERENCIA: 000000329072013
0004686365|30/07/2013|0000000000|TR004 9675077|003|5663|$84,132.71|$0.00|$3,418,504.00|296006|SPEI RECIBIDO DEL BANCO 0014, DEL CLIENTE GAS METROPOLITANO SA DE CV, DE LA CLABE 014180655015916550   CON RFC GME540707CD1, CONCEPTO: TRASPASO METROPOLITANO SANTANDER 290713
0004686365|30/07/2013|0000000000|085901145540321131|003|5663|$115,207.77|$0.00|$3,533,711.77|296007|SPEI RECIBIDO DEL BANCO 0002, DEL CLIENTE GAS METROPOLITANO SA DE CV, DE LA CLABE 002180020842869349   CON RFC  GME540707CD1, CONCEPTO: DEP ELECT DEL DIA TRASP BTE CONCENTRADOR
0004686365|30/07/2013|0000000000|DEPOSITO EN EFECTIVO|000|0357|$11,969.10|$0.00|$3,545,680.87|296008|MEXICO
0004686365|30/07/2013|0000000000|DEPOSITO EN EFECTIVO|000|0357|$2,243.90|$0.00|$3,547,924.77|296009|MEXICO
0004686365|30/07/2013|0000000000|DEPOSITO EN EFECTIVO|000|0357|$12,043.00|$0.00|$3,559,967.77|296010|MEXICO
0004686365|30/07/2013|0000000000|BNET01001307300000103903|003|5663|$73,890.30|$0.00|$3,633,858.07|296011|SPEI RECIBIDO DEL BANCO 0012, DEL CLIENTE GAS METROPOLITANO SA DE CV, DE LA CLABE 012180001543555987   CON RFC GME540707 CD1, CONCEPTO: TRASPASO BANCOMER A BANORTE CONCENTRADOR
0004686365|30/07/2013|0000000000|BNET01001307300000106429|003|5663|$680,000.00|$0.00|$4,313,858.07|296012|SPEI RECIBIDO DEL BANCO 0012, DEL CLIENTE GAS METROPOLITANO SA DE CV, DE LA CLABE 012180001100072777   CON RFC GME540707 CD1, CONCEPTO: TRASPASO BANCOMER A BANORTE CONCENTRADOR
0004686365|30/07/2013|0030072013|TRASPASO A CUENTA PROPIA|790|8846|$0.00|$1,031,107.64|$3,282,750.43|296013|IVA:00000000.00    , A LA CUENTA 0580295526, TRASPASO RECOLECTORA METRO AL R.F.C. GME540707CD1
0004686365|30/07/2013|0000000000|HSBC052629|003|5663|$105,228.74|$0.00|$3,387,979.17|296014|SPEI RECIBIDO DEL BANCO 0021, DEL CLIENTE GAS METROPOLITANO  S A  DE C V, DE LA CLABE 021180040293499743   CON RFC 0GME540707CD1, CONCEPTO: TRASPASO DE LA CTA 974 DE HSBC DEPOSITOS
0004686365|30/07/2013|0000300713|TRASPASO A CUENTA PROPIA|790|8846|$0.00|$400,000.00|$2,987,979.17|296015|IVA:00000000.00    , A LA CUENTA 0559478361, TRASPASO PRESUPUESTO PROVEEDOR AL R.F.C. GME540707CD1
0004686365|30/07/2013|0000000000|TRASPASO A CUENTA PROPIA|790|8846|$0.00|$750,000.00|$2,237,979.17|296016|IVA:00000000.00    , A LA CUENTA 0559478361, Traspaso Presupuesto Prov AL R.F.C. GME540707CD1
0004686365|31/07/2013|0000000000|DEV.CHEQUE LOCAL 0008102364|506|8068|$0.00|$600.00|$2,237,379.17|296017|FONDOS INSUFICIENTES
0004686365|31/07/2013|0000000000|3573774963|003|5663|$365,000.00|$0.00|$2,602,379.17|296018|SPEI RECIBIDO DEL BANCO 0044, DEL CLIENTE GAS METROPOLITANO SA DE CV, DE LA CLABE 044180001005708509   CON RFC RFC NO DISPONIBLE, CONCEPTO: TRASPASO CONCENTRADORA BANORTE
0004686365|31/07/2013|0000310713|DEPOSITO DE CUENTA PROPIA|262|8846|$1,441,309.61|$0.00|$4,043,688.78|296019|DE LA CUENTA 0527306623, TRASPASO FDO AHORRO 2013 GMETR
0004686365|31/07/2013|0000000000|DEP. REMOTO CH. SBC 8729521|006|4543|$852.48|$0.00|$4,044,541.26|296020|CHEQUE RECIBIDO SBC POR SERVICIO DE DEPOSITOS REMOTOS, BCO. 032 CTA. 00012134910 NO.CHEQUE 8729521, REFERENCIA:
0004686365|31/07/2013|0000000000|DEP. REMOTO CH. SBC 0687786|006|4543|$12,319.88|$0.00|$4,056,861.14|296021|CHEQUE RECIBIDO SBC POR SERVICIO DE DEPOSITOS REMOTOS, BCO. 032 CTA. 00014893932 NO.CHEQUE 0687786, REFERENCIA:
0004686365|31/07/2013|0000000000|DEP. REMOTO CH. SBC 0000435|006|4543|$9,996.66|$0.00|$4,066,857.80|296022|CHEQUE RECIBIDO SBC POR SERVICIO DE DEPOSITOS REMOTOS, BCO. 032 CTA. 00015967875 NO.CHEQUE 0000435, REFERENCIA:
0004686365|31/07/2013|0000000000|DEP. REMOTO CH. SBC 0004214|006|4543|$13,572.64|$0.00|$4,080,430.44|296023|CHEQUE RECIBIDO SBC POR SERVICIO DE DEPOSITOS REMOTOS, BCO. 044 CTA. 00101718142 NO.CHEQUE 0004214, REFERENCIA:
0004686365|31/07/2013|0000000000|DEP. REMOTO CH. SBC 0001268|006|4543|$53,553.83|$0.00|$4,133,984.27|296024|CHEQUE RECIBIDO SBC POR SERVICIO DE DEPOSITOS REMOTOS, BCO. 032 CTA. 00015412377 NO.CHEQUE 0001268, REFERENCIA:
0004686365|31/07/2013|0000000000|DEP. REMOTO CH. SBC 0708475|006|4543|$6,906.42|$0.00|$4,140,890.69|296025|CHEQUE RECIBIDO SBC POR SERVICIO DE DEPOSITOS REMOTOS, BCO. 032 CTA. 00014989190 NO.CHEQUE 0708475, REFERENCIA:
0004686365|31/07/2013|0000000000|DEP. REMOTO CH. SBC 0001210|006|4543|$1,005.00|$0.00|$4,141,895.69|296026|CHEQUE RECIBIDO SBC POR SERVICIO DE DEPOSITOS REMOTOS, BCO. 019 CTA. 00816012741 NO.CHEQUE 0001210, REFERENCIA:
0004686365|31/07/2013|0000000000|DEP. REMOTO CH. SBC 0000705|006|4543|$666.00|$0.00|$4,142,561.69|296027|CHEQUE RECIBIDO SBC POR SERVICIO DE DEPOSITOS REMOTOS, BCO. 062 CTA. 00131103239 NO.CHEQUE 0000705, REFERENCIA:
0004686365|31/07/2013|0000000000|DEP. REMOTO CH. SBC 0867658|006|4543|$500.00|$0.00|$4,143,061.69|296028|CHEQUE RECIBIDO SBC POR SERVICIO DE DEPOSITOS REMOTOS, BCO. 032 CTA. 00016551044 NO.CHEQUE 0867658, REFERENCIA:
0004686365|31/07/2013|0000000000|DEP. REMOTO CH. SBC 0000354|006|4543|$520.00|$0.00|$4,143,581.69|296029|CHEQUE RECIBIDO SBC POR SERVICIO DE DEPOSITOS REMOTOS, BCO. 030 CTA. 19052310101 NO.CHEQUE 0000354, REFERENCIA:
0004686365|31/07/2013|0000000000|DEP. REMOTO CH. SBC 0000165|006|4543|$500.00|$0.00|$4,144,081.69|296030|CHEQUE RECIBIDO SBC POR SERVICIO DE DEPOSITOS REMOTOS, BCO. 044 CTA. 00105843413 NO.CHEQUE 0000165, REFERENCIA:
0004686365|31/07/2013|0000000000|DEP. REMOTO CH. SBC 0000142|006|4543|$1,300.00|$0.00|$4,145,381.69|296031|CHEQUE RECIBIDO SBC POR SERVICIO DE DEPOSITOS REMOTOS, BCO. 044 CTA. 00103609022 NO.CHEQUE 0000142, REFERENCIA:
0004686365|31/07/2013|0000000000|DEP. REMOTO CH. SBC 0000930|006|4543|$1,698.00|$0.00|$4,147,079.69|296032|CHEQUE RECIBIDO SBC POR SERVICIO DE DEPOSITOS REMOTOS, BCO. 044 CTA. 00101911163 NO.CHEQUE 0000930, REFERENCIA:
0004686365|31/07/2013|0000000000|DEP. REMOTO CH. SBC 0002214|006|4543|$699.30|$0.00|$4,147,778.99|296033|CHEQUE RECIBIDO SBC POR SERVICIO DE DEPOSITOS REMOTOS, BCO. 044 CTA. 00104861094 NO.CHEQUE 0002214, REFERENCIA:
0004686365|31/07/2013|0000000000|DEP. REMOTO CH. SBC 9976377|006|4543|$999.00|$0.00|$4,148,777.99|296034|CHEQUE RECIBIDO SBC POR SERVICIO DE DEPOSITOS REMOTOS, BCO. 032 CTA. 00011075899 NO.CHEQUE 9976377, REFERENCIA:
0004686365|31/07/2013|0000000000|DEPOSITO REMOTO CHQS.BANORTE|080|4543|$1,900.00|$0.00|$4,150,677.99|296035|TOTAL DE          2 CHEQUES BANORTE RECIBIDOS, POR SERVICIO DE DEPOSITOS REMOTOS., REFERENCIA: 000000130072013
0004686365|31/07/2013|0000000000|DEPOSITO REMOTO CHQS.BANORTE|080|4543|$3,604.06|$0.00|$4,154,282.05|296036|TOTAL DE          2 CHEQUES BANORTE RECIBIDOS, POR SERVICIO DE DEPOSITOS REMOTOS., REFERENCIA: 000000730072013
0004686365|31/07/2013|0000000000|DEPOSITO REMOTO CHQS.BANORTE|080|4543|$16,440.58|$0.00|$4,170,722.63|296037|TOTAL DE          4 CHEQUES BANORTE RECIBIDOS, POR SERVICIO DE DEPOSITOS REMOTOS., REFERENCIA: 000000330072013
0004686365|31/07/2013|0000000000|DEPOSITO CHQ.BANORTE 0000166|080|0004|$15,249.00|$0.00|$4,185,971.63|296038|DEPOSITO DE LA CUENTA : 0661047745
0004686365|31/07/2013|0000000000|DEPOSITO CHQ.BANORTE 0000180|080|0004|$450.00|$0.00|$4,186,421.63|296039|DEPOSITO DE LA CUENTA : 0684565930
0004686365|31/07/2013|0000000000|DEPOSITO CHQ.BANORTE 0000245|080|0004|$1,005.66|$0.00|$4,187,427.29|296040|DEPOSITO DE LA CUENTA : 0645208498
0004686365|31/07/2013|0000000000|DEPOSITO CHQ.BANORTE 0000966|080|0004|$3,996.00|$0.00|$4,191,423.29|296041|DEPOSITO DE LA CUENTA : 0613675473
0004686365|31/07/2013|0000000000|CHQ.LOC.043821|006|0004|$157,072.77|$0.00|$4,348,496.06|296042|BCO :0044 CTA. 0000104965302 NO.CHEQUE 0000043821
0004686365|31/07/2013|0000000000|CHQ.LOC.000193|006|0004|$1,000.00|$0.00|$4,349,496.06|296043|BCO :0044 CTA. 0000106638074 NO.CHEQUE 0000000193
0004686365|31/07/2013|0000000000|CHQ.LOC.000569|006|0004|$1,400.00|$0.00|$4,350,896.06|296044|BCO :0044 CTA. 0000101919180 NO.CHEQUE 0000000569
0004686365|31/07/2013|0000000000|CHQ.LOC.007867|006|0004|$600.00|$0.00|$4,351,496.06|296045|BCO :0044 CTA. 0000109003673 NO.CHEQUE 0000007867
0004686365|31/07/2013|0000000000|CHQ.LOC.003806|006|0004|$646.02|$0.00|$4,352,142.08|296046|BCO :0044 CTA. 0000107738579 NO.CHEQUE 0000003806
0004686365|31/07/2013|0000000000|HSBC027543|003|5663|$610,000.00|$0.00|$4,962,142.08|296047|SPEI RECIBIDO DEL BANCO 0021, DEL CLIENTE GAS METROPOLITANO  S A  DE C V, DE LA CLABE 021180040195032347   CON RFC 0GME540707CD1, CONCEPTO: TRASPASO DE LA CTA DE HSBC 3234
0004686365|31/07/2013|0000000000|HSBC027647|003|5663|$115,000.00|$0.00|$5,077,142.08|296048|SPEI RECIBIDO DEL BANCO 0021, DEL CLIENTE GAS METROPOLITANO  S A  DE C V, DE LA CLABE 021180040270312102   CON RFC 0GME540707CD1, CONCEPTO: TRASPASO DE LA CTA 1210 DE HSBC
0004686365|31/07/2013|0000000000|HSBC027715|003|5663|$60,648.44|$0.00|$5,137,790.52|296049|SPEI RECIBIDO DEL BANCO 0021, DEL CLIENTE GAS METROPOLITANO  S A  DE C V, DE LA CLABE 021180040293499743   CON RFC 0GME540707CD1, CONCEPTO: TRASPASO DE LA CTA 974 DE HSBC DEPOSITOS
0004686365|31/07/2013|0000000000|CARGO DCTO. CARTERA 0040266148|503|5914|$0.00|$8,163.69|$5,129,626.83|296050| 
0004686365|31/07/2013|0000000000|CARGO DCTO. CARTERA 0040266148|503|5914|$0.00|$263,183.31|$4,866,443.52|296051| 
0004686365|31/07/2013|0000000000|TR004 9057329|003|5663|$629,049.44|$0.00|$5,495,492.96|296052|SPEI RECIBIDO DEL BANCO 0014, DEL CLIENTE GAS METROPOLITANO SA DE CV, DE LA CLABE 014180655015916550   CON RFC GME540707CD1, CONCEPTO: TRASPASO METROPOLITANO SANTANDER CLIENTE
0004686365|31/07/2013|0000000000|TR004 9057326|003|5663|$61,926.70|$0.00|$5,557,419.66|296053|SPEI RECIBIDO DEL BANCO 0014, DEL CLIENTE GAS METROPOLITANO SA DE CV, DE LA CLABE 014180655015916550   CON RFC GME540707CD1, CONCEPTO: TRASPASO METROPOLITANO SANTANDER MINE
0004686365|31/07/2013|0000000000|TR004 9057333|003|5663|$160,000.00|$0.00|$5,717,419.66|296054|SPEI RECIBIDO DEL BANCO 0014, DEL CLIENTE GAS METROPOLITANO SA DE CV, DE LA CLABE 014180655019944968   CON RFC GME540707CD1, CONCEPTO: TRASPASO METROPOLITANO SANTANDER REFEREN
0004686365|31/07/2013|0000000000|TR004 9057322|003|5663|$38,060.16|$0.00|$5,755,479.82|296055|SPEI RECIBIDO DEL BANCO 0014, DEL CLIENTE GAS METROPOLITANO SA DE CV, DE LA CLABE 014180655015916550   CON RFC GME540707CD1, CONCEPTO: TRASPASO METROPOLITANO SANTANDER 300713
0004686365|31/07/2013|0000000000|085901216300321239|003|5663|$166,043.34|$0.00|$5,921,523.16|296056|SPEI RECIBIDO DEL BANCO 0002, DEL CLIENTE GAS METROPOLITANO SA DE CV, DE LA CLABE 002180020842869349   CON RFC  GME540707CD1, CONCEPTO: DEP ELECT DEL DIA TRASP BTE CONCENTRADOR
0004686365|31/07/2013|0000000000|085901247170321232|003|5663|$156,105.95|$0.00|$6,077,629.11|296057|SPEI RECIBIDO DEL BANCO 0002, DEL CLIENTE GAS METROPOLITANO SA DE CV, DE LA CLABE 002180020842869349   CON RFC  GME540707CD1, CONCEPTO: RECUPERADOS Y CAJA MINE HIDRO
0004686365|31/07/2013|0000000000|BNET01001307310000103517|003|5663|$700,000.00|$0.00|$6,777,629.11|296058|SPEI RECIBIDO DEL BANCO 0012, DEL CLIENTE GAS METROPOLITANO SA DE CV, DE LA CLABE 012180001100072777   CON RFC GME540707 CD1, CONCEPTO: TRASPASO BBVA A BNTE CONCENTRADORA
0004686365|31/07/2013|0000000000|BNET01001307310000105650|003|5663|$244,763.37|$0.00|$7,022,392.48|296059|SPEI RECIBIDO DEL BANCO 0012, DEL CLIENTE GAS METROPOLITANO SA DE CV, DE LA CLABE 012180001543555987   CON RFC GME540707 CD1, CONCEPTO: TRASPASO BBVA A BNTE CONCENTRADORA MINE
0004686365|31/07/2013|0001082013|TRASPASO A CUENTA PROPIA|790|8846|$0.00|$4,185,201.86|$2,837,190.62|296060|IVA:00000000.00    , A LA CUENTA 0089348641, TRASPASO PAGO PEMEX AL R.F.C. GME540707CD1
0004686365|31/07/2013|0000000000|BNET01001307310000107255|003|5663|$17,269.58|$0.00|$2,854,460.20|296061|SPEI RECIBIDO DEL BANCO 0012, DEL CLIENTE GAS METROPOLITANO SA DE CV, DE LA CLABE 012180001543555987   CON RFC GME540707 CD1, CONCEPTO: TRASPASO BBVA A BNTE CONCENTRADORA
0004686365|31/07/2013|0000000000|BNET01001307310000109660|003|5663|$103,755.28|$0.00|$2,958,215.48|296062|SPEI RECIBIDO DEL BANCO 0012, DEL CLIENTE GAS METROPOLITANO SA DE CV, DE LA CLABE 012180001543555987   CON RFC GME540707 CD1, CONCEPTO: TRASPASO BBVA A BNTE CONCENTRADORA
0004686365|31/07/2013|0031072013|DEPOSITO DE CUENTA DE TERCEROS|263|8846|$2,234,641.38|$0.00|$5,192,856.86|296063|DE LA CUENTA 0641016659, PAGO DE FACTURAS VARIAS
0004686365|31/07/2013|0000000000|DEPOSITO EN EFECTIVO|000|0357|$23,433.80|$0.00|$5,216,290.66|296064|MEXICO
0004686365|31/07/2013|0000000000|DEPOSITO EN EFECTIVO|000|0357|$7,085.30|$0.00|$5,223,375.96|296065|MEXICO
0004686365|31/07/2013|0000000000|BNET01001307310000213393|003|5663|$710,000.00|$0.00|$5,933,375.96|296066|SPEI RECIBIDO DEL BANCO 0012, DEL CLIENTE GAS METROPOLITANO SA DE CV, DE LA CLABE 012180001100072777   CON RFC GME540707 CD1, CONCEPTO: TRASPASO BBVA A BNTE CONCENTRADORA
0004686365|31/07/2013|0000000000|085902795300321235|003|5663|$1,850,000.00|$0.00|$7,783,375.96|296067|SPEI RECIBIDO DEL BANCO 0002, DEL CLIENTE GAS METROPOLITANO SA DE CV, DE LA CLABE 002180020800108615   CON RFC  GME540707CD1, CONCEPTO: TRASPASO CONCENTRADORA BANORTE
0004686365|31/07/2013|0002082013|TRASPASO A CUENTA PROPIA|790|8846|$0.00|$4,544,600.79|$3,238,775.17|296068|IVA:00000000.00    , A LA CUENTA 0089348641, TRASPASO PAGO PEMEX AL R.F.C. GME540707CD1
0004686365|31/07/2013|0000000000|DEPOSITO DE CUENTA PROPIA|262|8846|$400,000.00|$0.00|$3,638,775.17|296069|DE LA CUENTA 0515492550, Traspaso Tpv a Concentr
0004686365|31/07/2013|0000000000|DEPOSITO DE CUENTA PROPIA|262|8846|$20,000.00|$0.00|$3,658,775.17|296070|DE LA CUENTA 0526140549, Traspaso Ref a Concentr
0004686365|31/07/2013|0000000000|DEPOSITO DE CUENTA PROPIA|262|8846|$180,000.00|$0.00|$3,838,775.17|296071|DE LA CUENTA 0662334059, Traspaso Est Carb a Conc
0004686365|31/07/2013|0000000000|TRASPASO A CUENTA PROPIA|790|8846|$0.00|$600,000.00|$3,238,775.17|296072|IVA:00000000.00    , A LA CUENTA 0559478361, Traspaso Presupuesto Prov AL R.F.C. GME540707CD1
0004686365|31/07/2013|0031072013|TRASPASO A CUENTA PROPIA|790|8846|$0.00|$607,522.28|$2,631,252.89|296073|IVA:00000000.00    , A LA CUENTA 0580295526, TRASPASO RECOLECTORA METRO AL R.F.C. GME540707CD1
0004686365|31/07/2013|0005082013|TRASPASO A CUENTA PROPIA|790|8846|$0.00|$2,126,548.20|$504,704.69|296074|IVA:00000000.00    , A LA CUENTA 0089348641, TRASPASO PAGO PEMEX AL R.F.C. GME540707CD1
0004686365|31/07/2013|0000000000|CARGO IMPUESTO LIDE|590|4238|$0.00|$235,768.00|$268,936.69|296075|NUMERO CLIENTE: 06663705 RFC:GME540707CD1, PERIODO :  2013-07 MONTO EXCEDENTE :          7,858,923.67, I.D.E. CALCULADO :      235,768.00 PENDIENTE:           0.00, COBRO : TOTAL
